{"title": "Cheese, Mozzarella, Wmlm, Feather Shred, Nb, 4/5 Lb - 124254", "text": "The North Beach Mozzarella Feather Shred is a specialty cheese perfect for those who love a light and flavorful touch to their dishes. At just $2.70 per pound, this cheese is not only affordable but also versatile, ideal for topping pizzas, pastas, salads, or any dish that calls for a melty and delicious finish. Give your meals a delightful twist with this premium quality mozzarella!", "case_count": "", "each_count": "1 Item", "case_weight": "", "each_weight": "20 lbs", "case_dimensions": "", "each_dimensions": "L 1\" x W 1\" x H 1\"", "each_price": "53.98", "case_price": "", "price_per_lb": "$2.70/lb", "brand": "North Beach", "category": "Specialty Cheese", "product_url": "https://shop.kimelo.com/sku/cheese-mozzarella-wmlm-feather-shred-nb-45-lb-124254/124254", "image_url": "https://d3tlizm80tjdt4.cloudfront.net/remote_images/image/2114/small/b41784f854f03efedc29d73d0a248d0dac389d704b7101205d.jpg", "sku": "124254", "priceOrder": 38, "popularityOrder": 1, "relateds": []}
{"title": "Cheese, American, 120 Slice, Yellow, (4) 5 Lb - 103674", "text": "Schreiber's American Cheese offers 120 yellow slices, packaged in four 5 lb units for only $16.76, a great deal at just $3.35 per lb. This versatile cheese is perfect for making sandwiches, topping burgers, or simply enjoying on its own as a tasty snack.", "case_count": "4 Eaches", "each_count": "1 Item", "case_weight": "5.15 lbs", "each_weight": "1.2875 lbs", "case_dimensions": "L 1\" x W 1\" x H 1\"", "each_dimensions": "L 1\" x W 1\" x H 1\"", "each_price": "16.76", "case_price": "67.04", "price_per_lb": "$3.35/lb", "brand": "Schreiber", "category": "Sliced Cheese", "product_url": "https://shop.kimelo.com/sku/cheese-american-120-slice-yellow-4-5-lb-103674/103674", "image_url": "https://d3tlizm80tjdt4.cloudfront.net/image/15196/image/sm-af4d520ed6ba1c0a2c2dbddaffd35ce4.png", "sku": "103674", "priceOrder": 83, "popularityOrder": 2, "relateds": ["100014"]}
{"title": "Cheese, Cheddar, Shredded, Fancy, Mild, (4) - 106832", "text": "The Cheswick Fancy Mild Cheddar is a versatile shredded cheese that's perfect for a variety of dishes. Priced at $16.46 for 4 lbs, it offers good value for any cheese lover. Try sprinkling it over nachos, melting it into casseroles, or adding it to your favourite sandwich for a deliciously cheesy touch!", "case_count": "4 Eaches", "each_count": "1 Item", "case_weight": "5 lbs", "each_weight": "1.25 lbs", "case_dimensions": "L 1\" x W 1\" x H 1\"", "each_dimensions": "L 1\" x W 1\" x H 1\"", "each_price": "16.46", "case_price": "65.84", "price_per_lb": "$3.29/lb", "brand": "Cheswick", "category": "Shredded Cheese", "product_url": "https://shop.kimelo.com/sku/cheese-cheddar-shredded-fancy-mild-4-106832/106832", "image_url": "https://d3tlizm80tjdt4.cloudfront.net/image/15193/image/sm-dba02abeba78ee707501f521a0557481.png", "sku": "106832", "priceOrder": 85, "popularityOrder": 3, "relateds": ["103600", "103670"]}
{"title": "Cheese, Cheddar, Mild, Sliced, (8) - 103600", "text": "The California Select Farms Cheddar Mild Sliced Cheese is a perfect addition to your sandwiches, burgers or even as a quick snack. This pack of 8 is priced at $6.89, providing a great value at just $4.59 per pound. Enjoy the creamy, mild cheddar flavor from a trusted source!", "case_count": "8 Eaches", "each_count": "1 Item", "case_weight": "1.5 lbs", "each_weight": "0.1875 lbs", "case_dimensions": "L 1\" x W 1\" x H 1\"", "each_dimensions": "L 1\" x W 1\" x H 1\"", "each_price": "6.89", "case_price": "55.12", "price_per_lb": "$4.59/lb", "brand": "California Select Farms", "category": "Sliced Cheese", "product_url": "https://shop.kimelo.com/sku/cheese-cheddar-mild-sliced-8-103600/103600", "image_url": "https://d3tlizm80tjdt4.cloudfront.net/image/8965/image/sm-137bd810e22f0b816f7a749f30bb60f4.jpeg", "sku": "103600", "priceOrder": 94, "popularityOrder": 5, "relateds": ["103603", "106832"]}
{"title": "Cheese, Parmesan, Grated, Imported, (4) 5 Lb - 111522", "text": "The Galbani Imported Parmesan Cheese comes in a convenient grated form in a 5 lb bag, perfect for all your cooking needs. This cheese is versatile and can be used in a variety of dishes such as pasta, risotto, and salads. At just $6.04 per lb, it's a cost-effective choice for any cheese lover.", "case_count": "4 Eaches", "each_count": "1 Item", "case_weight": "5 lbs", "each_weight": "1.25 lbs", "case_dimensions": "L 1\" x W 1\" x H 1\"", "each_dimensions": "L 1\" x W 1\" x H 1\"", "each_price": "30.18", "case_price": "120.72", "price_per_lb": "$6.04/lb", "brand": "Galbani", "category": "Crumbled, Cubed, Grated, Shaved", "product_url": "https://shop.kimelo.com/sku/cheese-parmesan-grated-imported-4-5-lb-111522/111522", "image_url": "https://d3tlizm80tjdt4.cloudfront.net/image/10794/image/sm-313ae66972cd7064da6bcf09c337ae5a.png", "sku": "111522", "priceOrder": 63, "popularityOrder": 6, "relateds": ["106816", "112306"]}
{"title": "Cheese, Parmesan, Shaved, (4) 5 Lb - 106816", "text": "Galbani's Shaved Parmesan Cheese is a versatile and flavorful choice for all your cooking needs. Perfect for pasta dishes, salads, and even as a topping for pizza, this 5lb pack offers excellent value without compromising on taste. Why not sprinkle some on your next Italian dish for an authentic touch?", "case_count": "4 Eaches", "each_count": "1 Item", "case_weight": "5 lbs", "each_weight": "1.25 lbs", "case_dimensions": "L 1\" x W 1\" x H 1\"", "each_dimensions": "L 1\" x W 1\" x H 1\"", "each_price": "26.44", "case_price": "105.76", "price_per_lb": "$5.29/lb", "brand": "Galbani", "category": "Crumbled, Cubed, Grated, Shaved", "product_url": "https://shop.kimelo.com/sku/cheese-parmesan-shaved-4-5-lb-106816/106816", "image_url": "https://d3tlizm80tjdt4.cloudfront.net/image/2865/image/sm-7f83700059c075a212d5756e9c4e7073.jpg", "sku": "106816", "priceOrder": 69, "popularityOrder": 7, "relateds": ["112306", "111522"]}
{"title": "Cheese, Ricotta, (4) 5lb - 108718", "text": "The Galbani Ricotta Cheese is a delightful addition to your cheese repertoire, available at an affordable price of $3.38/lb. This specialty cheese is wonderful in Italian recipes, making it perfect for lasagnas, stuffed shells, or as a sweet addition to your morning toast. Enjoy its creamy richness in both savory and sweet dishes!", "case_count": "4 Eaches", "each_count": "1 Item", "case_weight": "5 lbs", "each_weight": "1.25 lbs", "case_dimensions": "L 1\" x W 1\" x H 1\"", "each_dimensions": "L 1\" x W 1\" x H 1\"", "each_price": "16.89", "case_price": "67.56", "price_per_lb": "$3.38/lb", "brand": "Galbani", "category": "Specialty Cheese", "product_url": "https://shop.kimelo.com/sku/cheese-ricotta-4-5lb-108718/108718", "image_url": "https://d3tlizm80tjdt4.cloudfront.net/image/15218/image/sm-466292604c156f994ceac17cbcf40f9e.png", "sku": "108718", "priceOrder": 82, "popularityOrder": 8, "relateds": ["107599"]}
{"title": "Cheese, Cream, Loaf, Philadelphia, (6) 3 Lb - 103663", "text": "The Philadelphia Cream Cheese Loaf is a versatile and delicious addition to your kitchen at just $5.38 per pound. This creamy and smooth cheese is perfect for spreading on bagels, incorporating into baking recipes, or adding richness to savory dishes. With six 3-pound loaves per pack, you'll have plenty to experiment with!", "case_count": "6 Eaches", "each_count": "1 Item", "case_weight": "3 lbs", "each_weight": "0.5 lbs", "case_dimensions": "L 1\" x W 1\" x H 1\"", "each_dimensions": "L 1\" x W 1\" x H 1\"", "each_price": "16.13", "case_price": "96.78", "price_per_lb": "$5.38/lb", "brand": "Philadelphia", "category": "Cheese Loaf", "product_url": "https://shop.kimelo.com/sku/cheese-cream-loaf-philadelphia-6-3-lb-103663/103663", "image_url": "https://d3tlizm80tjdt4.cloudfront.net/image/1544/image/sm-b2bb50a2b1ae90153c2401ff9f0214df.jpg", "sku": "103663", "priceOrder": 87, "popularityOrder": 9, "relateds": ["103662", "112699"]}
{"title": "Cheese, Shredded, Jack & Cheddar Blend, Fancy, (4) 5 Lb - 103664", "text": "The Packer Shredded Jack & Cheddar Blend is a fancy, high-quality cheese perfect for a multitude of dishes. At just $2.94 per pound, this versatile cheese blend can add a creamy, tangy flavor to your tacos, nachos, or even a homemade macaroni and cheese. Make sure to keep some in your fridge for all your cheesy needs!", "case_count": "4 Eaches", "each_count": "1 Item", "case_weight": "5 lbs", "each_weight": "1.25 lbs", "case_dimensions": "L 1\" x W 1\" x H 1\"", "each_dimensions": "L 1\" x W 1\" x H 1\"", "each_price": "14.71", "case_price": "58.84", "price_per_lb": "$2.94/lb", "brand": "Packer", "category": "Shredded Cheese", "product_url": "https://shop.kimelo.com/sku/cheese-shredded-jack-cheddar-blend-fancy-4-5-lb-103664/103664", "image_url": "https://d3tlizm80tjdt4.cloudfront.net/remote_images/image/7672/small/63a1d4191c5e3258376922c1599c780ef012ec6bf3828fa409.jpg", "sku": "103664", "priceOrder": 88, "popularityOrder": 10, "relateds": ["123784"]}
{"title": "Cheese, Jack Pepper, Sliced, (8) 1.5 Lb 124829", "text": "The Cal Premium Jack Pepper Sliced Cheese is a flavorful choice for those who enjoy a bit of spice. Sold in packages of 1.5 lbs, this cheese is perfect for adding a kick to your sandwiches or burgers. At just $4.48 per lb, it's a great value for both taste and quality.", "case_count": "8 Eaches", "each_count": "1 Item", "case_weight": "1.5 lbs", "each_weight": "0.1875 lbs", "case_dimensions": "L 1\" x W 1\" x H 1\"", "each_dimensions": "L 1\" x W 1\" x H 1\"", "each_price": "6.72", "case_price": "53.76", "price_per_lb": "$4.48/lb", "brand": "Cal Premium", "category": "Sliced Cheese", "product_url": "https://shop.kimelo.com/sku/cheese-jack-pepper-sliced-8-15-lb-124829/124829", "image_url": "https://d3tlizm80tjdt4.cloudfront.net/remote_images/image/5723/small/63b0ef7755de74914c5a50da256581d0721f73912ee4923b21.jpg", "sku": "124829", "priceOrder": 95, "popularityOrder": 11, "relateds": ["103672", "123794", "103599", "103672", "123794", "103599", "103672", "123794"]}
{"title": "Cheese, Paneer, Gopi, 4/5 Lb", "text": "The Gopi Paneer Cheese is a delightful and versatile option for all your cheese needs. Its unique texture and mild, milky flavor make it an excellent choice for a variety of dishes, from stir-fries to desserts. At a cost-effective price of $3.76 per pound, you can experiment with this cheese in your favorite recipes or simply enjoy it on its own.", "case_count": "", "each_count": "1 Item", "case_weight": "", "each_weight": "20 lbs", "case_dimensions": "", "each_dimensions": "L 1\" x W 1\" x H 1\"", "each_price": "75.10", "case_price": "", "price_per_lb": "$3.76/Lb", "brand": "Gopi", "category": "Sliced Cheese", "product_url": "https://shop.kimelo.com/sku/cheese-paneer-gopi-45-lb/374574", "image_url": "https://d3tlizm80tjdt4.cloudfront.net/remote_images/image/10816/small/2048920d241626bd3bad46e85780c82aa9ba11b23f92f26222.jpg", "sku": "374574", "priceOrder": 28, "popularityOrder": 12, "relateds": []}
{"title": "Cheese, Cheddar, Mild, Loaf, (8) 5 Lb - 103670", "text": "The Cheswick Mild Cheddar Cheese Loaf is a delicious and versatile cheese option for every day use. With 8 loaves of 5 lb each, it's perfect for large families or food service businesses. This mild cheddar is great for grating over pasta dishes, melting into sauces, or slicing for sandwiches.", "case_count": "8 Eaches", "each_count": "1 Item", "case_weight": "5 lbs", "each_weight": "0.625 lbs", "case_dimensions": "L 1\" x W 1\" x H 1\"", "each_dimensions": "L 1\" x W 1\" x H 1\"", "each_price": "16.99", "case_price": "135.92", "price_per_lb": "$3.40/lb", "brand": "Cheswick", "category": "Cheese Loaf", "product_url": "https://shop.kimelo.com/sku/cheese-cheddar-mild-loaf-8-5-lb-103670/103670", "image_url": "https://d3tlizm80tjdt4.cloudfront.net/image/11595/image/sm-a149c106d663df481f081d8fa47bcf0f.jpeg", "sku": "103670", "priceOrder": 81, "popularityOrder": 13, "relateds": ["106815", "106832", "103600", "106815", "106832", "103600", "106815", "106832"]}
{"title": "Cheese, Feta, Crumbles, President, 2/5 Lb - 123341", "text": "The President Feta Crumbles is a specialty cheese that's known for its distinctively tangy and salty flavor. At $4.41 per pound, this cheese is a perfect addition to salads, pizzas, or pasta dishes for an extra kick of flavor. Enjoy the high-quality taste of President's cheese in your next meal!", "case_count": "", "each_count": "1 Item", "case_weight": "", "each_weight": "10 lbs", "case_dimensions": "", "each_dimensions": "L 1\" x W 1\" x H 1\"", "each_price": "44.11", "case_price": "", "price_per_lb": "$4.41/lb", "brand": "President", "category": "Specialty Cheese", "product_url": "https://shop.kimelo.com/sku/cheese-feta-crumbles-president-25-lb-123341/123341", "image_url": "https://d3tlizm80tjdt4.cloudfront.net/image/17447/image/sm-b7f1d5ebed658c7a48b315af49bb5e0d.png", "sku": "123341", "priceOrder": 50, "popularityOrder": 14, "relateds": ["123797", "124006"]}
{"title": "Cheese, Mascarpone, Tub, Belgioioso, (4) 5 Lb - 107599", "text": "The Belgioioso Mascarpone is a wonderfully creamy and smooth specialty cheese, conveniently packaged in a 5 lb tub. Priced at just $5.94 per lb, this cheese is perfect for creating rich desserts like tiramisu or savoury dishes like risotto. Let your culinary imagination run wild with Belgioioso!", "case_count": "4 Eaches", "each_count": "1 Item", "case_weight": "5 lbs", "each_weight": "1.25 lbs", "case_dimensions": "L 1\" x W 1\" x H 1\"", "each_dimensions": "L 1\" x W 1\" x H 1\"", "each_price": "29.72", "case_price": "118.88", "price_per_lb": "$5.94/lb", "brand": "Belgioioso", "category": "Specialty Cheese", "product_url": "https://shop.kimelo.com/sku/cheese-mascarpone-tub-belgioioso-4-5-lb-107599/107599", "image_url": "https://d3tlizm80tjdt4.cloudfront.net/image/17540/image/sm-c373691cb060f68e4cc8b4904a692eda.png", "sku": "107599", "priceOrder": 65, "popularityOrder": 15, "relateds": ["108718"]}
{"title": "Cheese, Mozzarella, Wmlm, Loaf, Professionale, 8/5 Lb 125731", "text": "The Galbani Mozzarella Professionale Cheese Loaf comes in an 8/5 lb size that's perfect for professional kitchens or serious cheese lovers. At just $2.46 per pound, this cheese is an affordable choice for making large quantities of pizzas, lasagnas, or other cheese-based dishes. Enjoy the mild, creamy flavor of Galbani's high-quality mozzarella in your favorite recipes!", "case_count": "", "each_count": "1 Item", "case_weight": "", "each_weight": "40 lbs", "case_dimensions": "", "each_dimensions": "L 1\" x W 1\" x H 1\"", "each_price": "98.20", "case_price": "", "price_per_lb": "$2.46/lb", "brand": "Galbani", "category": "Cheese Loaf", "product_url": "https://shop.kimelo.com/sku/cheese-mozzarella-wmlm-loaf-professionale-85-lb-125731/125731", "image_url": "https://d3tlizm80tjdt4.cloudfront.net/remote_images/image/7215/small/0a7da17fd94fe5c52868137e402c2fb20947dba2f4b452a049.jpg", "sku": "125731", "priceOrder": 20, "popularityOrder": 16, "relateds": []}
{"title": "Cheese, Gorgonzola, Crumbles, 86464, (2) 5 Lb - 107598", "text": "The Belgioioso Gorgonzola Cheese Crumbles are a deliciously tangy and versatile cheese option. Perfect for adding a flavor kick to salads, pastas, or pizza, these crumbles are available in a 2-pack of 5 lb bags for only $24.53, making it a fantastic value for cheese lovers.", "case_count": "2 Eaches", "each_count": "1 Item", "case_weight": "5 lbs", "each_weight": "2.5 lbs", "case_dimensions": "L 1\" x W 1\" x H 1\"", "each_dimensions": "L 1\" x W 1\" x H 1\"", "each_price": "24.53", "case_price": "49.06", "price_per_lb": "$4.91/lb", "brand": "Belgioioso", "category": "Crumbled, Cubed, Grated, Shaved", "product_url": "https://shop.kimelo.com/sku/cheese-gorgonzola-crumbles-86464-2-5-lb-107598/107598", "image_url": "https://d3tlizm80tjdt4.cloudfront.net/image/5982/image/sm-9aa3ae766c94f5a2fcc8f244a97460de.jpg", "sku": "107598", "priceOrder": 71, "popularityOrder": 17, "relateds": []}
{"title": "Cheese, Indian Paneer Bulk Fresh Loaf (4) 109240", "text": "The Royal Mahout Indian Paneer Bulk Fresh Loaf is a delicious specialty cheese perfect for adding a unique flavor to your meals. At an affordable price of just $4.12 per pound, it's perfect for bulk cooking needs. Try cubing this paneer and adding it to your favorite curry or saut\u00e9ed vegetable dishes for an authentic Indian taste.", "case_count": "4 Eaches", "each_count": "1 Item", "case_weight": "5.25 lbs", "each_weight": "1.3125 lbs", "case_dimensions": "L 1\" x W 1\" x H 1\"", "each_dimensions": "L 1\" x W 1\" x H 1\"", "each_price": "20.58", "case_price": "82.32", "price_per_lb": "$4.12/lb", "brand": "Royal Mahout", "category": "Specialty Cheese", "product_url": "https://shop.kimelo.com/sku/cheese-indian-paneer-bulk-fresh-loaf-4-109240/109240", "image_url": "https://d3tlizm80tjdt4.cloudfront.net/image/14820/image/sm-d0fbe266cac5dbbfe601de287ad60344.png", "sku": "109240", "priceOrder": 75, "popularityOrder": 18, "relateds": []}
{"title": "Cheese, Provolone, Sliced, (8) 1.5 Lb - 103601", "text": "The Provolone Sliced Cheese from California Select Farms is a perfect choice for your sandwiches or subs. Each pack contains 8 pieces of 1.5 lb cheese slices, providing a savory flavor to your meals. For only $4.39 per pound, you can enjoy this smooth, nutty cheese in your next cooking adventure.", "case_count": "8 Eaches", "each_count": "1 Item", "case_weight": "1.5 lbs", "each_weight": "0.1875 lbs", "case_dimensions": "L 1\" x W 1\" x H 1\"", "each_dimensions": "L 1\" x W 1\" x H 1\"", "each_price": "6.58", "case_price": "52.64", "price_per_lb": "$4.39/lb", "brand": "California Select Farms", "category": "Sliced Cheese", "product_url": "https://shop.kimelo.com/sku/cheese-provolone-sliced-8-15-lb-103601/103601", "image_url": "https://d3tlizm80tjdt4.cloudfront.net/image/8966/image/sm-0ad8abe6c7be4ec1371aa99b8a1fe80d.jpeg", "sku": "103601", "priceOrder": 96, "popularityOrder": 19, "relateds": []}
{"title": "Cheese, Feta, Rbst Free, Estia, 24 Lb 124006", "text": "The Estia Feta Cheese is a high-quality, RBST-free specialty cheese that comes in a generous 24 lb pack. Priced at $4.58 per pound, it offers excellent value for money. This cheese is perfect for sprinkling over salads, incorporating into Mediterranean recipes, or simply pairing with olives and pita bread for a tasty snack.", "case_count": "", "each_count": "1 Item", "case_weight": "", "each_weight": "24 lbs", "case_dimensions": "", "each_dimensions": "L 1\" x W 1\" x H 1\"", "each_price": "110.02", "case_price": "", "price_per_lb": "$4.58/lb", "brand": "Estia", "category": "Specialty Cheese", "product_url": "https://shop.kimelo.com/sku/cheese-feta-rbst-free-estia-24-lb-124006/124006", "image_url": "https://d3tlizm80tjdt4.cloudfront.net/remote_images/image/2271/small/7de5ff58f2fa420e59ed1a97ee95b035b5f2ecaaba98eada2b.jpg", "sku": "124006", "priceOrder": 11, "popularityOrder": 20, "relateds": ["123797", "106845"]}
{"title": "Cheese, Monterey Jack, Shredded, Fancy, (4) 5 Lb - 108930", "text": "The Cheswick Monterey Jack is a fancy shredded cheese packed in four 5 lb bags, providing excellent value at just $3.25 per lb. This cheese is perfect for melting over nachos, sprinkling on chili, or adding a creamy, mild flavor to your favorite casseroles. Try it today for a versatile addition to your home or restaurant kitchen.", "case_count": "4 Eaches", "each_count": "1 Item", "case_weight": "5 lbs", "each_weight": "1.25 lbs", "case_dimensions": "L 1\" x W 1\" x H 1\"", "each_dimensions": "L 1\" x W 1\" x H 1\"", "each_price": "16.26", "case_price": "65.04", "price_per_lb": "$3.25/lb", "brand": "Cheswick", "category": "Shredded Cheese", "product_url": "https://shop.kimelo.com/sku/cheese-monterey-jack-shredded-fancy-4-5-lb-108930/108930", "image_url": "https://d3tlizm80tjdt4.cloudfront.net/image/7273/image/sm-77f3fe57315491b5b760f3c783c2ce89.jpg", "sku": "108930", "priceOrder": 86, "popularityOrder": 21, "relateds": ["103562", "103599"]}
{"title": "Cheese, Goat, Crumbled, 2/2 Lb - 123365", "text": "The President Goat Cheese Crumbled 2/2 Lb is a delightful specialty cheese option that brings a unique tangy flavor to your dishes. At $8.35 per pound, it's a great choice for enhancing salads, pizzas, and pastas. Enjoy the creamy texture and rich taste of this high-quality cheese from a trusted brand.", "case_count": "", "each_count": "1 Item", "case_weight": "", "each_weight": "4 lbs", "case_dimensions": "", "each_dimensions": "L 1\" x W 1\" x H 1\"", "each_price": "33.40", "case_price": "", "price_per_lb": "$8.35/lb", "brand": "President", "category": "Specialty Cheese", "product_url": "https://shop.kimelo.com/sku/cheese-goat-crumbled-22-lb-123365/123365", "image_url": "https://d3tlizm80tjdt4.cloudfront.net/remote_images/image/1031/small/1eadcc43f580efc477560afb62f337d4bfeb222e8f63032220.jpg", "sku": "123365", "priceOrder": 61, "popularityOrder": 22, "relateds": ["103638"]}
{"title": "Cheese, Monterey Jack, Shredded, Feather, 4/5 Lb 125786", "text": "The Packer Monterey Jack Cheese, conveniently shredded and feather-light, is a versatile choice for your culinary needs. Priced at an affordable $2.65 per pound, it's ideal for adding a creamy, mild flavor to your nachos, casseroles, or grilled cheese sandwiches. Trust this cheese to add that special touch to your dishes!", "case_count": "", "each_count": "1 Item", "case_weight": "", "each_weight": "20 lbs", "case_dimensions": "", "each_dimensions": "L 1\" x W 1\" x H 1\"", "each_price": "53.01", "case_price": "", "price_per_lb": "$2.65/lb", "brand": "Packer", "category": "Sliced Cheese", "product_url": "https://shop.kimelo.com/sku/cheese-monterey-jack-shredded-feather-45-lb-125786/125786", "image_url": "https://d3tlizm80tjdt4.cloudfront.net/remote_images/image/7236/small/e06462a3ca2ee281ec7fdc39e2aecc73c78ebcb6f4d822cc2b.jpg", "sku": "125786", "priceOrder": 39, "popularityOrder": 23, "relateds": []}
{"title": "Cheese, Goat, Chefs, Chevre, Tub, (2) 4 Lb - 103638", "text": "The Laura Chenel Chevre Tub is a delicious goat cheese that comes in a generous 8-pound quantity, perfect for chefs or cheese enthusiasts. With its creamy, tangy flavor, it's an excellent choice for enhancing salads, spreading on crackers, or incorporating into gourmet recipes. At $9.42 per pound, it's a cost-effective way to bring a touch of luxury to your dishes.", "case_count": "2 Eaches", "each_count": "1 Item", "case_weight": "4 lbs", "each_weight": "2 lbs", "case_dimensions": "L 1\" x W 1\" x H 1\"", "each_dimensions": "L 1\" x W 1\" x H 1\"", "each_price": "37.66", "case_price": "75.32", "price_per_lb": "$9.42/lb", "brand": "Laura Chenel", "category": "Specialty Cheese", "product_url": "https://shop.kimelo.com/sku/cheese-goat-chefs-chevre-tub-2-4-lb-103638/103638", "image_url": "https://d3tlizm80tjdt4.cloudfront.net/remote_images/image/7584/small/b039cbd43e667de1a64536054485d5b35e81ec59d3181edf0f.jpg", "sku": "103638", "priceOrder": 56, "popularityOrder": 25, "relateds": ["123365"]}
{"title": "Cheese, Swiss, Sliced, (8) 1.5 Lb - 103602", "text": "This Swiss cheese from California Select Farms is pre-sliced for your convenience and comes in 1.5 lb packs. It's perfect for adding a deliciously creamy, nutty flavor to your sandwiches, burgers, or for melting on top of a hot dish. At only $5.41 per pound, it's a great value choice for your cheese needs.", "case_count": "8 Eaches", "each_count": "1 Item", "case_weight": "1.5 lbs", "each_weight": "0.1875 lbs", "case_dimensions": "L 1\" x W 1\" x H 1\"", "each_dimensions": "L 1\" x W 1\" x H 1\"", "each_price": "8.12", "case_price": "64.96", "price_per_lb": "$5.41/lb", "brand": "California Select Farms", "category": "Sliced Cheese", "product_url": "https://shop.kimelo.com/sku/cheese-swiss-sliced-8-15-lb-103602/103602", "image_url": "https://d3tlizm80tjdt4.cloudfront.net/image/8967/image/sm-e52f47ae6c00dd8381ee99b9ffda17dd.jpeg", "sku": "103602", "priceOrder": 92, "popularityOrder": 26, "relateds": []}
{"title": "Cheese, Swiss, Loaf, Grade A, 8 Lb Avg (6)", "text": "The Pacific Cheese Swiss Loaf is a high-quality Grade A cheese that comes in an approximately 8lb loaf. This tasty Swiss cheese, priced at $4.20/Lb, is versatile and perfect for sandwiches, melting in fondue, or adding a savory touch to your favorite casserole dish. Don't miss out on this fantastic product from our Sliced Cheese department!", "case_count": "6 Eaches", "each_count": "1 Item", "case_weight": "48 lbs", "each_weight": "8 lbs", "case_dimensions": "L 1\" x W 1\" x H 1\"", "each_dimensions": "L 1\" x W 1\" x H 1\"", "each_price": "33.60", "case_price": "201.60", "price_per_lb": "$4.20/Lb", "brand": "Pacific Cheese", "category": "Sliced Cheese", "product_url": "https://shop.kimelo.com/sku/cheese-swiss-loaf-grade-a-8-lb-avg-6/374191", "image_url": "https://d3tlizm80tjdt4.cloudfront.net/remote_images/image/8356/small/aff0b27efbbacc48d63e4ae9d5ec402d6b6afe2ad94847dca5.jpg", "sku": "374191", "priceOrder": 60, "popularityOrder": 27, "relateds": []}
{"title": "Cheese, Cream, Bulk, 30 Lb - 103662", "text": "Meet the Packer Cream Cheese, available in a bulk 30lb pack. This delightfully creamy cheese is perfect for bagels, baking, or adding creaminess to your favorite sauces. At just $2.34 per lb, you're getting great value for this versatile and delicious ingredient.", "case_count": "", "each_count": "1 Item", "case_weight": "", "each_weight": "30.98 lbs", "case_dimensions": "", "each_dimensions": "L 1\" x W 1\" x H 1\"", "each_price": "70.05", "case_price": "", "price_per_lb": "$2.34/lb", "brand": "Packer", "category": "Cream Cheese", "product_url": "https://shop.kimelo.com/sku/cheese-cream-bulk-30-lb-103662/103662", "image_url": "https://d3tlizm80tjdt4.cloudfront.net/remote_images/image/7674/small/d6f2f5e1dcdf0874f7bfedc969aead3f8aa0af8033196b2d75.jpg", "sku": "103662", "priceOrder": 32, "popularityOrder": 28, "relateds": ["103663", "112699"]}
{"title": "Cheese, Paneer, Gopi, 15/14 Oz 124005", "text": "The Gopi Paneer cheese is a fantastic choice for anyone who loves a mild, versatile cheese. This cheese, available in a convenient 15/14 Oz size, is excellent for cooking, perfect to use in Indian dishes like Paneer Tikka or Palak Paneer. At $7.23 per pound, it's a great value for a high-quality product.", "case_count": "", "each_count": "1 Item", "case_weight": "", "each_weight": "13.12 lbs", "case_dimensions": "", "each_dimensions": "L 1\" x W 1\" x H 1\"", "each_price": "94.00", "case_price": "", "price_per_lb": "$7.23/lb", "brand": "Gopi", "category": "Sliced Cheese", "product_url": "https://shop.kimelo.com/sku/cheese-paneer-gopi-1514-oz-124005/124005", "image_url": "https://d3tlizm80tjdt4.cloudfront.net/remote_images/image/1912/small/f31c646bfa3f07281c27762b126aee2f792632f3d44342335b.jpg", "sku": "124005", "priceOrder": 23, "popularityOrder": 29, "relateds": []}
{"title": "Cheese, Shredded, Jack & Cheddar Blend, Feather, 4/5 Lb 125787", "text": "The Packer Shredded Jack & Cheddar Blend is a tantalising mix of two popular cheeses, conveniently pre-shredded for ease of use. Priced at just $2.78 per lb, this versatile cheese blend is perfect for adding a rich, creamy note to pizzas, tacos, or casseroles. With 4/5 Lb to use, you'll have plenty for several delicious meals!", "case_count": "", "each_count": "1 Item", "case_weight": "", "each_weight": "20 lbs", "case_dimensions": "", "each_dimensions": "L 1\" x W 1\" x H 1\"", "each_price": "55.56", "case_price": "", "price_per_lb": "$2.78/lb", "brand": "Packer", "category": "Shredded Cheese", "product_url": "https://shop.kimelo.com/sku/cheese-shredded-jack-cheddar-blend-feather-45-lb-125787/125787", "image_url": "https://d3tlizm80tjdt4.cloudfront.net/remote_images/image/7242/small/45efa6a9c307f7f9d844c75f7ef87eab93a985461d20a81030.jpg", "sku": "125787", "priceOrder": 37, "popularityOrder": 30, "relateds": []}
{"title": "Cheese, Cheddar, Sharp, White, 10 Lb - 111680", "text": "The Hoffman's Sharp White Cheddar is a top-tier sliced cheese that offers a rich and tangy flavor profile. Priced at only $4.19 per lb, this 10 lb block is fantastic value for your money. This cheese is perfect for adding a flavor punch to sandwiches, melting over nachos, or simply pairing with a cracker for a delightful snack.", "case_count": "", "each_count": "1 Item", "case_weight": "", "each_weight": "10 lbs", "case_dimensions": "", "each_dimensions": "L 1\" x W 1\" x H 1\"", "each_price": "41.88", "case_price": "", "price_per_lb": "$4.19/lb", "brand": "Hoffman`s", "category": "Sliced Cheese", "product_url": "https://shop.kimelo.com/sku/cheese-cheddar-sharp-white-10-lb-111680/111680", "image_url": "https://d3tlizm80tjdt4.cloudfront.net/image/16001/image/sm-d62189f66ce8c51c9bbbd406104ca89e.png", "sku": "111680", "priceOrder": 52, "popularityOrder": 34, "relateds": ["103600", "106815"]}
{"title": "Cheese, Pepper Jack, Loaf (8) 103672", "text": "The Cheswick Pepper Jack Cheese Loaf is a spicy and flavorful choice for cheese lovers. At only $3.49 per pound, this cheese is not only delicious but also budget-friendly. Try using it in your next sandwich, melting it over nachos, or simply enjoying it as a snack for a zesty kick!", "case_count": "8 Eaches", "each_count": "1 Item", "case_weight": "5 lbs", "each_weight": "0.625 lbs", "case_dimensions": "L 1\" x W 1\" x H 1\"", "each_dimensions": "L 1\" x W 1\" x H 1\"", "each_price": "17.47", "case_price": "139.76", "price_per_lb": "$3.49/lb", "brand": "Cheswick", "category": "Cheese Loaf", "product_url": "https://shop.kimelo.com/sku/cheese-pepper-jack-loaf-8-103672/103672", "image_url": "https://d3tlizm80tjdt4.cloudfront.net/image/15256/image/sm-6c299387672a8119d43997e98fcbcfc1.png", "sku": "103672", "priceOrder": 79, "popularityOrder": 35, "relateds": ["108930", "123794", "107600", "108930", "123794", "107600", "108930", "123794"]}
{"title": "Cheese, Feta, Bulgarian, In Brine, 1/7 Kg - 106845", "text": "Enjoy the delightful tangy flavor of Atalanta's Bulgarian Feta Cheese, preserved in brine for extra freshness. This rich and creamy cheese, priced at a reasonable $4.80 per pound, is perfect for enhancing salads or creating delicious Mediterranean-inspired dishes. Let's add a little zest to your culinary experience!", "case_count": "", "each_count": "1 Item", "case_weight": "", "each_weight": "15.43 lbs", "case_dimensions": "", "each_dimensions": "L 1\" x W 1\" x H 1\"", "each_price": "72.00", "case_price": "", "price_per_lb": "$4.80/lb", "brand": "Atalanta", "category": "Specialty Cheese", "product_url": "https://shop.kimelo.com/sku/cheese-feta-bulgarian-in-brine-17-kg-106845/106845", "image_url": "https://d3tlizm80tjdt4.cloudfront.net/image/6242/image/sm-9063431364cbcf7278cdde3f4d5f47fb.jpg", "sku": "106845", "priceOrder": 30, "popularityOrder": 36, "relateds": ["123797"]}
{"title": "Cheese, Mozzarella, Fresh, Ovoline, Galbani, 2/3 Lb - 123382", "text": "The Galbani Ovoline Fresh Mozzarella is a high-quality specialty cheese weighing 2/3rd of a pound. Priced at $5.78 per pound, it offers a creamy and delicate flavor, perfect for enhancing your salads, sandwiches, or for melting on top of your favorite pizza. Enjoy the authentic taste of Italy right in your home with Galbani!", "case_count": "", "each_count": "1 Item", "case_weight": "", "each_weight": "6 lbs", "case_dimensions": "", "each_dimensions": "L 1\" x W 1\" x H 1\"", "each_price": "34.67", "case_price": "", "price_per_lb": "$5.78/lb", "brand": "Galbani", "category": "Specialty Cheese", "product_url": "https://shop.kimelo.com/sku/cheese-mozzarella-fresh-ovoline-galbani-23-lb-123382/123382", "image_url": "https://d3tlizm80tjdt4.cloudfront.net/remote_images/image/1050/small/4d39f5a7140280525c6242eaa3c6a455f2fea2640ccdf683fe.jpg", "sku": "123382", "priceOrder": 57, "popularityOrder": 37, "relateds": []}
{"title": "Cheese, Mozzarella, Wmlm, Shredded, Red Label, 6/5 Lb 124189", "text": "Galbani's Red Label shredded mozzarella is a high-quality specialty cheese that offers delightful creaminess to your culinary creations. Priced at $3.19 per pound, it's an affordable luxury for your everyday meals. Try it in your next homemade pizza or lasagna for an authentic Italian taste.", "case_count": "", "each_count": "1 Item", "case_weight": "", "each_weight": "30 lbs", "case_dimensions": "", "each_dimensions": "L 1\" x W 1\" x H 1\"", "each_price": "95.83", "case_price": "", "price_per_lb": "$3.19/lb", "brand": "Galbani", "category": "Specialty Cheese", "product_url": "https://shop.kimelo.com/sku/cheese-mozzarella-wmlm-shredded-red-label-65-lb-124189/124189", "image_url": "https://d3tlizm80tjdt4.cloudfront.net/remote_images/image/2018/small/e6aa96eb9c4f11476e530c078ea7e9331b62c1f1b0bd80fbcd.jpg", "sku": "124189", "priceOrder": 22, "popularityOrder": 38, "relateds": ["123382"]}
{"title": "Cheese, Mozzarella, Lmwm, Cali Gold, Loaf, 8/6 Lb 125724", "text": "The California Gold Mozzarella Cheese Loaf is a versatile and tasty cheese option. It's great for slicing and melting over pizzas, casseroles, or sandwiches. At just $2.17 per lb, it's a cost-effective choice for cooking and baking.", "case_count": "", "each_count": "1 Item", "case_weight": "", "each_weight": "48 lbs", "case_dimensions": "", "each_dimensions": "L 1\" x W 1\" x H 1\"", "each_price": "104.08", "case_price": "", "price_per_lb": "$2.17/lb", "brand": "California Gold", "category": "Cheese Loaf", "product_url": "https://shop.kimelo.com/sku/cheese-mozzarella-lmwm-cali-gold-loaf-86-lb-125724/125724", "image_url": "https://d3tlizm80tjdt4.cloudfront.net/remote_images/image/7214/small/e9ab65ec35fd13418c56e43a697f0cd6f2464279cf92c5e10b.jpg", "sku": "125724", "priceOrder": 16, "popularityOrder": 40, "relateds": []}
{"title": "Cheese, Cream Cheese, Philadelphia, Portions, Cups - 111589", "text": "The Philadelphia Cream Cheese Portions by Kraft are an excellent choice for those who enjoy a smooth, creamy cheese. They come in convenient individual cups, perfect for a single serving or on-the-go snack. Try spreading them on a bagel for breakfast or use them in your favorite cheesecake recipe for a delightful treat.", "case_count": "", "each_count": "1 Item", "case_weight": "", "each_weight": "6.25 lbs", "case_dimensions": "", "each_dimensions": "L 1\" x W 1\" x H 1\"", "each_price": "51.49", "case_price": "", "price_per_lb": "$0.51/ct", "brand": "Kraft", "category": "Cream Cheese", "product_url": "https://shop.kimelo.com/sku/cheese-cream-cheese-philadelphia-portions-cups-111589/41530", "image_url": "https://d3tlizm80tjdt4.cloudfront.net/remote_images/image/9657/small/5ab654f51d8f2e0ef8a931a3ab768ea564c152a1904483a59b.jpg", "sku": "41530", "priceOrder": 40, "popularityOrder": 41, "relateds": []}
{"title": "Cheese, Feta, Sheep/goat, Imported, Ziria, 14 Kg 124111", "text": "Ziria's Imported Feta is a rich, flavorful cheese made from a unique blend of sheep and goat milk. At $5.36 per pound, this specialty cheese offers exceptional quality and taste that's perfect for Greek salads, pasta dishes, or simply paired with fresh bread and olives. Enjoy a slice of Greece with Ziria's Feta today!", "case_count": "", "each_count": "1 Item", "case_weight": "", "each_weight": "31 lbs", "case_dimensions": "", "each_dimensions": "L 1\" x W 1\" x H 1\"", "each_price": "166.17", "case_price": "", "price_per_lb": "$5.36/lb", "brand": "Ziria", "category": "Specialty Cheese", "product_url": "https://shop.kimelo.com/sku/cheese-feta-sheepgoat-imported-ziria-14-kg-124111/124111", "image_url": "https://d3tlizm80tjdt4.cloudfront.net/remote_images/image/2224/small/7cb4d700b40ef33831a2d0c139d2be7237896927905a07bab6.jpg", "sku": "124111", "priceOrder": 2, "popularityOrder": 42, "relateds": ["123797", "124006"]}
{"title": "Cheese, Processed, American, Yellow, Slices, 160 Ct, 4/5 Lb 125636", "text": "The Schreiber Processed American Yellow Cheese is a pack of 160 delicious, creamy slices perfect for a variety of dishes. With its smooth, melty goodness, it's an excellent choice for adding a rich, cheesy flavor to burgers, sandwiches, or melting over your favorite nachos. Priced at $72.32, it offers excellent value for a high-quality cheese.", "case_count": "", "each_count": "1 Item", "case_weight": "", "each_weight": "20 lbs", "case_dimensions": "", "each_dimensions": "L 1\" x W 1\" x H 1\"", "each_price": "72.32", "case_price": "", "price_per_lb": 0, "brand": "Schreiber", "category": "Sliced Cheese", "product_url": "https://shop.kimelo.com/sku/cheese-processed-american-yellow-slices-160-ct-45-lb-125636/125636", "image_url": "https://d3tlizm80tjdt4.cloudfront.net/remote_images/image/5355/small/813a16121b3359e9889266333999b54523e3768c6a5fb0829b.jpg", "sku": "125636", "priceOrder": 29, "popularityOrder": 43, "relateds": []}
{"title": "Cheese, Swiss, Sliced, Processed, 120 Ct, (4) 5 Lb - 100014", "text": "The Commodity Cheese Swiss Sliced Processed Cheese is a versatile and value-packed option for cheese lovers. Coming in a pack of 120 slices, this cheese is perfect for a variety of dishes, from sandwiches and burgers to fondue and gourmet recipes. At just $3.89 per pound, it's a budget-friendly way to keep your fridge stocked with delicious Swiss cheese.", "case_count": "4 Eaches", "each_count": "1 Item", "case_weight": "5.14 lbs", "each_weight": "1.285 lbs", "case_dimensions": "L 1\" x W 1\" x H 1\"", "each_dimensions": "L 1\" x W 1\" x H 1\"", "each_price": "19.47", "case_price": "77.88", "price_per_lb": "$3.89/lb", "brand": "Commodity Cheese", "category": "Sliced Cheese", "product_url": "https://shop.kimelo.com/sku/cheese-swiss-sliced-processed-120-ct-4-5-lb-100014/100014", "image_url": "https://d3tlizm80tjdt4.cloudfront.net/image/1474/image/sm-f655d358744b5afb25fbb0300dcbd7e9.jpg", "sku": "100014", "priceOrder": 76, "popularityOrder": 44, "relateds": ["103674"]}
{"title": "Cheese, Mozzarella, Pslm, Cali Gold, Loaf, 8/6 Lb 125986", "text": "California Gold's Mozzarella Loaf is a superb specialty cheese that offers a rich and creamy taste. At a price of $100.16 for 8/6 lbs, it is an affordable choice for cheese lovers. It's perfect for slicing and melting on your favorite Italian dishes, or for adding a delicious twist to your salads.", "case_count": "", "each_count": "1 Item", "case_weight": "", "each_weight": "48 lbs", "case_dimensions": "", "each_dimensions": "L 1\" x W 1\" x H 1\"", "each_price": "100.16", "case_price": "", "price_per_lb": "$2.09/lb", "brand": "California Gold", "category": "Specialty Cheese", "product_url": "https://shop.kimelo.com/sku/cheese-mozzarella-pslm-cali-gold-loaf-86-lb-125986/125986", "image_url": "https://d3tlizm80tjdt4.cloudfront.net/remote_images/image/7730/small/66c3c8d496d6f67e6986f5b051fc2aa6406223c1602f88978c.jpg", "sku": "125986", "priceOrder": 19, "popularityOrder": 45, "relateds": []}
{"title": "Cheese, Parmesan, Wheel, Usa, 20 Lb Avg - 112306", "text": "The Galbani Parmesan Cheese Wheel is a deliciously authentic, USA-made cheese averaging 20 lbs in weight. At just $5.58 per lb, it offers exceptional value for your money. This versatile cheese would be perfect for grating over your favourite Italian dishes or simply enjoying as a snack with some fruit and crackers.", "case_count": "", "each_count": "1 Item", "case_weight": "", "each_weight": "20 lbs", "case_dimensions": "", "each_dimensions": "L 1\" x W 1\" x H 1\"", "each_price": "111.67", "case_price": "", "price_per_lb": "$5.58/lb", "brand": "Galbani", "category": "Cheese Wheel", "product_url": "https://shop.kimelo.com/sku/cheese-parmesan-wheel-usa-20-lb-avg-112306/112306", "image_url": "https://d3tlizm80tjdt4.cloudfront.net/image/12274/image/sm-64a4aa1bc8ce6d4a0e316c4b84cca0b9.png", "sku": "112306", "priceOrder": 10, "popularityOrder": 46, "relateds": ["106816", "111522"]}
{"title": "Cheese, Feta, In Brine, Pail, (2) 8 Lb 124284", "text": "The Cucina Feta Cheese in Brine is a delicious specialty cheese, packed in an 8lb pail for your convenience. At only $3.68 a pound, this tangy, creamy cheese is perfect for Greek salads, crumbled over pasta dishes, or mixed into your favorite dips.", "case_count": "2 Eaches", "each_count": "1 Item", "case_weight": "8 lbs", "each_weight": "4 lbs", "case_dimensions": "L 1\" x W 1\" x H 1\"", "each_dimensions": "L 1\" x W 1\" x H 1\"", "each_price": "29.44", "case_price": "58.88", "price_per_lb": "$3.68/lb", "brand": "Cucina", "category": "Specialty Cheese", "product_url": "https://shop.kimelo.com/sku/cheese-feta-in-brine-pail-2-8-lb-124284/124284", "image_url": "https://d3tlizm80tjdt4.cloudfront.net/remote_images/image/7673/small/0b979f0fa945c83473934cf317ee8339e16a68ae1af19108f3.jpg", "sku": "124284", "priceOrder": 66, "popularityOrder": 47, "relateds": ["123797"]}
{"title": "Cheese, Cream, Loaf, 10/3 Lb - 112699", "text": "The Raskas Cream Cheese Loaf is a versatile and richly flavored cheese that comes in a 10/3 lb portion, priced at $85.56, which is only $2.85 per pound. It's perfect for slicing to use in sandwiches or melting into sauces or dips for a creamy texture and a delicious taste.", "case_count": "", "each_count": "1 Item", "case_weight": "", "each_weight": "30 lbs", "case_dimensions": "", "each_dimensions": "L 1\" x W 1\" x H 1\"", "each_price": "85.56", "case_price": "", "price_per_lb": "$2.85/lb", "brand": "Raskas", "category": "Cheese Loaf", "product_url": "https://shop.kimelo.com/sku/cheese-cream-loaf-103-lb-112699/112699", "image_url": "https://d3tlizm80tjdt4.cloudfront.net/image/13945/image/sm-beec542c40fb4977939baab11abd9a9c.png", "sku": "112699", "priceOrder": 25, "popularityOrder": 48, "relateds": ["103662", "103663"]}
{"title": "Cheese, Kefalotyri, Hard, Wheel, Greek, Import, 18 Lb Avg 124125", "text": "Hello! The Metsobo A.e. Kefalotyri Hard Wheel Greek Cheese is a delicious import that brings a taste of Greece to your table. It's perfect for grating over pasta dishes or incorporating into a traditional Greek salad. At $8.67 per pound, it's a fantastic way to add some international flair to your meals.", "case_count": "", "each_count": "1 Item", "case_weight": "", "each_weight": "18 lbs", "case_dimensions": "", "each_dimensions": "L 1\" x W 1\" x H 1\"", "each_price": "156.06", "case_price": "", "price_per_lb": "$8.67/lb", "brand": "Metsobo A.e.", "category": "Sliced Cheese", "product_url": "https://shop.kimelo.com/sku/cheese-kefalotyri-hard-wheel-greek-import-18-lb-avg-124125/124125", "image_url": "https://d3tlizm80tjdt4.cloudfront.net/remote_images/image/2228/small/f9ce4763fea7376f93257d4fc25b186ab2c423231574348ceb.jpg", "sku": "124125", "priceOrder": 4, "popularityOrder": 50, "relateds": []}
{"title": "Cheese, Halloumi, Tradition, Greek, Import, 40/8.8 Oz 124144", "text": "The Alambra Halloumi is a traditional Greek import cheese that's perfect for grilling or frying due to its high melting point. It's sold in the sliced cheese department and priced at $8.97 per pound, with the total package weighing 8.8 ounces. Enjoy it in a salad, sandwich or as a standalone snack for a taste of the Mediterranean at home.", "case_count": "", "each_count": "1 Item", "case_weight": "", "each_weight": "20 lbs", "case_dimensions": "", "each_dimensions": "L 1\" x W 1\" x H 1\"", "each_price": "197.35", "case_price": "", "price_per_lb": "$8.97/lb", "brand": "Alambra", "category": "Sliced Cheese", "product_url": "https://shop.kimelo.com/sku/cheese-halloumi-tradition-greek-import-4088-oz-124144/124144", "image_url": "https://d3tlizm80tjdt4.cloudfront.net/remote_images/image/1998/small/92cb453b056d15b02a89fefb67e39797fc58b0a4398a29b53f.jpg", "sku": "124144", "priceOrder": 1, "popularityOrder": 51, "relateds": []}
{"title": "Cheese, Cheddar, Sharp, Slcd, Interleaf, 0.75 Oz, (8)  103603", "text": "The California Select Farms Cheese, Cheddar, Sharp, Slcd, Interleaf, 0.75 Oz, (8) 103603 is a delicious and tangy sliced cheese, perfect for your sandwiches or as a snack. Priced at just $6.37 per pound, its interleaf design makes it easy to separate and portion. For a quick, tasty meal, try melting it on your favorite burger or in a grilled cheese sandwich.", "case_count": "8 Eaches", "each_count": "1 Item", "case_weight": "1.5 lbs", "each_weight": "0.1875 lbs", "case_dimensions": "L 1\" x W 1\" x H 1\"", "each_dimensions": "L 1\" x W 1\" x H 1\"", "each_price": "9.56", "case_price": "76.48", "price_per_lb": "$6.37/lb", "brand": "California Select Farms", "category": "Sliced Cheese", "product_url": "https://shop.kimelo.com/sku/cheese-cheddar-sharp-slcd-interleaf-075-oz-8-103603/103603", "image_url": "https://d3tlizm80tjdt4.cloudfront.net/image/10347/image/sm-e678c1718263a65a402310e22e32ac8a.jpg", "sku": "103603", "priceOrder": 91, "popularityOrder": 52, "relateds": ["103600", "106815"]}
{"title": "Cheese, Monterey Jack, Sliced, (8) 1.5 Lb - 103599", "text": "Cheese Crafters offers a tasty Monterey Jack cheese that comes in 8, 1.5 lb slices for only $5.97. This mild and versatile cheese is perfect for melting over nachos, sprinkling on a salad, or adding to your favorite sandwich. Enjoy the creamy, delicate flavor and smooth texture of this popular cheese.", "case_count": "8 Eaches", "each_count": "1 Item", "case_weight": "1.5 lbs", "each_weight": "0.1875 lbs", "case_dimensions": "L 1\" x W 1\" x H 1\"", "each_dimensions": "L 1\" x W 1\" x H 1\"", "each_price": "5.97", "case_price": "47.76", "price_per_lb": "$3.98/lb", "brand": "Cheese Crafters", "category": "Sliced Cheese", "product_url": "https://shop.kimelo.com/sku/cheese-monterey-jack-sliced-8-15-lb-103599/103599", "image_url": "https://d3tlizm80tjdt4.cloudfront.net/image/9201/image/sm-4b09eacd768b0bf3bc71bca949fe2915.jpg", "sku": "103599", "priceOrder": 97, "popularityOrder": 54, "relateds": ["103562", "108930"]}
{"title": "Cheese, Monterey Jack, Loaf, (2) 5 Lb - 107600", "text": "The Packer Monterey Jack Cheese Loaf is a great addition to your kitchen at just $3.69 per pound. With its mild and creamy flavor, this 2-pack of 5lb loaves is perfect for melting in casseroles, slicing for sandwiches, or shredding over nachos. You'll find it in our Cheese Loaf department.", "case_count": "2 Eaches", "each_count": "1 Item", "case_weight": "5 lbs", "each_weight": "2.5 lbs", "case_dimensions": "L 1\" x W 1\" x H 1\"", "each_dimensions": "L 1\" x W 1\" x H 1\"", "each_price": "18.45", "case_price": "36.90", "price_per_lb": "$3.69/lb", "brand": "Packer", "category": "Cheese Loaf", "product_url": "https://shop.kimelo.com/sku/cheese-monterey-jack-loaf-2-5-lb-107600/107600", "image_url": "https://d3tlizm80tjdt4.cloudfront.net/image/5981/image/sm-8006f8100c50aee751d5e74b228445bf.jpg", "sku": "107600", "priceOrder": 77, "popularityOrder": 55, "relateds": ["103562"]}
{"title": "Cheese, Cream Cheese, Whipped Tub, Philadelphia (6) 377753 - Sku 172026", "text": "The Philadelphia Whipped Cream Cheese Tub from Kraft is a delightful and versatile choice for all your cheese needs. At just $7.23/Lb, this product offers a light, fluffy texture that's perfect for spreading on bagels or incorporating into your favorite dessert recipes. Trust Kraft for high-quality cream cheese that enhances the flavor of your meals.", "case_count": "6 Eaches", "each_count": "1 Item", "case_weight": "18 lbs", "each_weight": "3 lbs", "case_dimensions": "L 1\" x W 1\" x H 1\"", "each_dimensions": "L 1\" x W 1\" x H 1\"", "each_price": "21.68", "case_price": "130.08", "price_per_lb": "$7.23/Lb", "brand": "Kraft", "category": "Cream Cheese", "product_url": "https://shop.kimelo.com/sku/cheese-cream-cheese-whipped-tub-philadelphia-6-377753-sku-172026/172026", "image_url": "https://d3tlizm80tjdt4.cloudfront.net/remote_images/image/14101/small/59becfe7880750956b1c39a81e7f2bfef3437a4b464a2f5a69.jpg", "sku": "172026", "priceOrder": 72, "popularityOrder": 57, "relateds": []}
{"title": "Cheese, Gruyere, Imported, Loaf, (2) 5 Lb - 108978", "text": "Meet the Packer Gruyere Cheese, a delicious imported cheese loaf that comes in two 5-pound packages. This cheese is known for its rich, slightly salty flavor that makes it perfect for grating over your favorite dishes or incorporating into a fancy cheese board. At just $13.46 per pound, its robust flavor is sure to elevate your culinary creations.", "case_count": "2 Eaches", "each_count": "1 Item", "case_weight": "5 lbs", "each_weight": "2.5 lbs", "case_dimensions": "L 1\" x W 1\" x H 1\"", "each_dimensions": "L 1\" x W 1\" x H 1\"", "each_price": "67.30", "case_price": "134.60", "price_per_lb": "$13.46/lb", "brand": "Packer", "category": "Cheese Loaf", "product_url": "https://shop.kimelo.com/sku/cheese-gruyere-imported-loaf-2-5-lb-108978/108978", "image_url": "https://d3tlizm80tjdt4.cloudfront.net/image/7423/image/sm-05cc51bafdb84958b8c527b8a3a8fecb.jpg", "sku": "108978", "priceOrder": 34, "popularityOrder": 58, "relateds": []}
{"title": "Cheese, Saganaki, Hard, Greek, Import, 7 Lb Avg (6) 125801", "text": "The Metsobo A.e. Saganaki Hard Greek Cheese is an imported delight that's perfect for authentic Greek cuisine. It's sold in approximately 7lb blocks, making it fantastic value at only $9.79 per pound. Try it in a traditional Saganaki dish, lightly fried until it's beautifully melty and golden, for a true taste of Greece.", "case_count": "6 Eaches", "each_count": "1 Item", "case_weight": "42 lbs", "each_weight": "7 lbs", "case_dimensions": "L 1\" x W 1\" x H 1\"", "each_dimensions": "L 1\" x W 1\" x H 1\"", "each_price": "68.53", "case_price": "411.18", "price_per_lb": "$9.79/Lb", "brand": "Metsobo A.e.", "category": "Sliced Cheese", "product_url": "https://shop.kimelo.com/sku/cheese-saganaki-hard-greek-import-7-lb-avg-6-125801/373628", "image_url": "https://d3tlizm80tjdt4.cloudfront.net/remote_images/image/8993/small/e5e6885ff13c2fe97bc05df189a3c03c0339d2260d615749a9.jpg", "sku": "373628", "priceOrder": 33, "popularityOrder": 59, "relateds": []}
{"title": "Cheese, Blend, Mozz, Wm & Ps, Premio Shred, 6/5 Lb - 112492", "text": "The Galbani Premio Shred is a wonderful blend of mozzarella, white mild, and Provolone shredded cheese that costs $3.38 per pound. This versatile cheese blend is perfect for topping off your homemade pizzas or for bringing extra flavor to your favorite pasta dishes. With its rich and creamy texture, it will surely take your meals to the next level.", "case_count": "", "each_count": "1 Item", "case_weight": "", "each_weight": "30 lbs", "case_dimensions": "", "each_dimensions": "L 1\" x W 1\" x H 1\"", "each_price": "101.51", "case_price": "", "price_per_lb": "$3.38/lb", "brand": "Galbani Premio", "category": "Shredded Cheese", "product_url": "https://shop.kimelo.com/sku/cheese-blend-mozz-wm-ps-premio-shred-65-lb-112492/112492", "image_url": "https://d3tlizm80tjdt4.cloudfront.net/image/13860/image/sm-1505a5e7aa7570e69e7ca77cf4c49a97.png", "sku": "112492", "priceOrder": 18, "popularityOrder": 60, "relateds": []}
{"title": "Cheese, Monterey Jack, Block, 40 Lb Avg - 103562", "text": "Meet Packer's Monterey Jack cheese, a versatile block cheese that weighs around 40 lbs on average. It's a fantastic choice for slicing and incorporating into a wide variety of dishes, such as sandwiches, casseroles, and nachos. For just $2.80 per pound, this cheese offers great value and excellent flavor.", "case_count": "", "each_count": "1 Item", "case_weight": "", "each_weight": "40 lbs", "case_dimensions": "", "each_dimensions": "L 1\" x W 1\" x H 1\"", "each_price": "112.00", "case_price": "", "price_per_lb": "$2.80/lb", "brand": "Packer", "category": "Sliced Cheese", "product_url": "https://shop.kimelo.com/sku/cheese-monterey-jack-block-40-lb-avg-103562/103562", "image_url": "https://d3tlizm80tjdt4.cloudfront.net/image/11519/image/sm-6f1eb10583921d3db8a9df08b378c1bd.jpeg", "sku": "103562", "priceOrder": 9, "popularityOrder": 62, "relateds": ["107600"]}
{"title": "Cheese, Asiago, Shredded, (6) 5 Lb - 111711", "text": "The Galbani Shredded Asiago Cheese is a versatile and delicious cheese option. Coming in a six-pack of 5lb bags, it's perfect for stocking up your kitchen. Its robust and nutty flavor makes it an excellent topping for pizzas, pastas, salads, or incorporated into your favorite recipes to add a gourmet touch.", "case_count": "6 Eaches", "each_count": "1 Item", "case_weight": "5 lbs", "each_weight": "0.833333 lbs", "case_dimensions": "L 1\" x W 1\" x H 1\"", "each_dimensions": "L 1\" x W 1\" x H 1\"", "each_price": "26.06", "case_price": "156.36", "price_per_lb": "$5.21/lb", "brand": "Galbani", "category": "Shredded Cheese", "product_url": "https://shop.kimelo.com/sku/cheese-asiago-shredded-6-5-lb-111711/111711", "image_url": "https://d3tlizm80tjdt4.cloudfront.net/image/11540/image/sm-dc389e1a3b99419ba379e3fb3916db94.png", "sku": "111711", "priceOrder": 70, "popularityOrder": 63, "relateds": ["112306", "106816"]}
{"title": "Cheese, 5 Blend, Moz Wmlm/lmps/prov/parm/roma, 6/5 Lb - 123784", "text": "The Galbani 5 Blend Cheese is a delicious combination of Mozzarella, Wilmelm, Limps, Provolone, Parmesan, and Romano. It is an excellent choice for your cooking needs, especially in dishes like lasagna, pasta, or pizza due to its meltability and rich flavor. At just $3.21 per pound, it\u2019s an affordable way to elevate your next meal.", "case_count": "", "each_count": "1 Item", "case_weight": "", "each_weight": "30 lbs", "case_dimensions": "", "each_dimensions": "L 1\" x W 1\" x H 1\"", "each_price": "96.18", "case_price": "", "price_per_lb": "$3.21/lb", "brand": "Galbani", "category": "Shredded Cheese", "product_url": "https://shop.kimelo.com/sku/cheese-5-blend-moz-wmlmlmpsprovparmroma-65-lb-123784/123784", "image_url": "https://d3tlizm80tjdt4.cloudfront.net/remote_images/image/7464/small/4c120c44089fd73a9dc6802b21106ba43711bda636e75afc96.jpg", "sku": "123784", "priceOrder": 21, "popularityOrder": 64, "relateds": ["103664"]}
{"title": "Cheese, Feta, French, Pail, Valbreso, 18 Lb Avg - 123797", "text": "The Valbreso French Feta Cheese is a rich and creamy specialty cheese with a tangy flavor that's sure to delight your taste buds. This 18 lb pail, priced at $6.95/lb, is perfect for restaurants or large gatherings. It's an excellent choice for salads, pasta dishes, or simply served with fresh bread and olives.", "case_count": "", "each_count": "1 Item", "case_weight": "", "each_weight": "18 lbs", "case_dimensions": "", "each_dimensions": "L 1\" x W 1\" x H 1\"", "each_price": "125.10", "case_price": "", "price_per_lb": "$6.95/lb", "brand": "Valbreso", "category": "Specialty Cheese", "product_url": "https://shop.kimelo.com/sku/cheese-feta-french-pail-valbreso-18-lb-avg-123797/123797", "image_url": "https://d3tlizm80tjdt4.cloudfront.net/image/17988/image/sm-82414835d395197c5f8390f295a0f0fe.jpg", "sku": "123797", "priceOrder": 7, "popularityOrder": 65, "relateds": []}
{"title": "Cheese, Cream, Bulk, Frozen, 30 Lb", "text": "The Packer Cream Cheese is a versatile product available in a bulk, frozen 30lb package for only $1.50 per pound. This rich and creamy cheese is ideal for large scale catering events, or for everyday use in a variety of dishes such as cheesecakes, dips, spreads, or frosting for bakeries and restaurants. Don't miss out on this great value bulk buy!", "case_count": "", "each_count": "1 Item", "case_weight": "", "each_weight": "30 lbs", "case_dimensions": "", "each_dimensions": "L 1\" x W 1\" x H 1\"", "each_price": "44.92", "case_price": "", "price_per_lb": "$1.50/Lb", "brand": "Packer", "category": "Cream Cheese", "product_url": "https://shop.kimelo.com/sku/cheese-cream-bulk-frozen-30-lb/374448", "image_url": "https://d3tlizm80tjdt4.cloudfront.net/remote_images/image/9503/small/c20e0679de38f6e24091a6d1a19b28f6ec8d244a5fb5adbe48.jpg", "sku": "374448", "priceOrder": 48, "popularityOrder": 66, "relateds": []}
{"title": "Cheese, Cheddar, Medium, Loaf, (2) 5lb - 106815", "text": "The Tillamook Medium Cheddar Cheese Loaf is a delicious and versatile cheese, perfect for any occasion. Sold in two 5lb loaves for a total cost of $30.08, it\u2019s excellent value for any cheese lover. This medium cheddar is superb for melting into a macaroni cheese dish or slicing up for a hearty sandwich.", "case_count": "2 Eaches", "each_count": "1 Item", "case_weight": "5 lbs", "each_weight": "2.5 lbs", "case_dimensions": "L 1\" x W 1\" x H 1\"", "each_dimensions": "L 1\" x W 1\" x H 1\"", "each_price": "30.08", "case_price": "60.16", "price_per_lb": "$6.02/lb", "brand": "Tillamook", "category": "Cheese Loaf", "product_url": "https://shop.kimelo.com/sku/cheese-cheddar-medium-loaf-2-5lb-106815/106815", "image_url": "https://d3tlizm80tjdt4.cloudfront.net/image/2254/image/sm-cd0c941b11ba4b342c17c421fe3e4d95.jpeg", "sku": "106815", "priceOrder": 64, "popularityOrder": 67, "relateds": ["103670"]}
{"title": "Cheese, Manouri, Log, Greek, Imported, 4/5 Lb 125736", "text": "Krinos offers a beautifully creamy and tangy Manouri Cheese Log, imported directly from Greece. Priced at $6.97 per pound, this cheese is perfect for slicing and adding to salads or even baking into pastries. Experience the authentic, rich flavor of Greek cuisine with this high-quality choice.", "case_count": "", "each_count": "1 Item", "case_weight": "", "each_weight": "20 lbs", "case_dimensions": "", "each_dimensions": "L 1\" x W 1\" x H 1\"", "each_price": "139.32", "case_price": "", "price_per_lb": "$6.97/lb", "brand": "Krinos", "category": "Sliced Cheese", "product_url": "https://shop.kimelo.com/sku/cheese-manouri-log-greek-imported-45-lb-125736/125736", "image_url": "https://d3tlizm80tjdt4.cloudfront.net/remote_images/image/7223/small/10d8ce04c768520771ad150340f03f5d6e9d96b8f373592dd4.jpg", "sku": "125736", "priceOrder": 6, "popularityOrder": 68, "relateds": []}
{"title": "Cheese, Mozzarella, Fresh, Loaf, Thin Slice, 6/1 Lb - 112545", "text": "The Galbani Fresh Mozzarella Cheese Loaf comes in thin, ready-to-use slices making it perfect for your cooking needs. At $5.76 per pound, this delicious cheese can be used to create a delightful caprese salad or to add a rich, creamy layer to your homemade lasagna. Enjoy the authentic Italian taste of Galbani cheese in your favorite recipes!", "case_count": "", "each_count": "1 Item", "case_weight": "", "each_weight": "6 lbs", "case_dimensions": "", "each_dimensions": "L 1\" x W 1\" x H 1\"", "each_price": "34.55", "case_price": "", "price_per_lb": "$5.76/lb", "brand": "Galbani", "category": "Cheese Loaf", "product_url": "https://shop.kimelo.com/sku/cheese-mozzarella-fresh-loaf-thin-slice-61-lb-112545/112545", "image_url": "https://d3tlizm80tjdt4.cloudfront.net/image/13746/image/sm-6e810ecb0cadc532f8c04cabb747fdf2.png", "sku": "112545", "priceOrder": 58, "popularityOrder": 69, "relateds": ["123382"]}
{"title": "Cheese, Mozzarella, Lmps, Loaf, Premio, 8/5 Lb", "text": "The Galbani Premio Mozzarella Loaf is a top-notch specialty cheese that promises a delightful taste. It's sold in bulk with 8 loaves, each weighing 5 lbs, allowing you to have plenty on hand for all your cooking needs. This cheese is perfect for slicing and melting over your homemade pizzas or lasagna for a creamy, authentic Italian flavor.", "case_count": "", "each_count": "1 Item", "case_weight": "", "each_weight": "40 lbs", "case_dimensions": "", "each_dimensions": "L 1\" x W 1\" x H 1\"", "each_price": "102.95", "case_price": "", "price_per_lb": "$12.87/loaf", "brand": "Galbani Premio", "category": "Specialty Cheese", "product_url": "https://shop.kimelo.com/sku/cheese-mozzarella-lmps-loaf-premio-85-lb/374193", "image_url": "https://d3tlizm80tjdt4.cloudfront.net/remote_images/image/8358/small/b2822f77cb40a483ec292d837dbfcea6b8be7f2e39cc90e6ca.jpg", "sku": "374193", "priceOrder": 17, "popularityOrder": 72, "relateds": []}
{"title": "Cheese, Mozzarella, Wmlm, Loaf, Premio, 8/5 Lb", "text": "The Galbani Premio Mozzarella Cheese Loaf is a delicious, specialty cheese perfect for a variety of dishes. Given its versatile flavor and texture, it's ideal for melting over pizza, slicing for sandwiches, or shredding into pasta dishes. At only $10.85 per loaf, it's a cost-effective way to enhance your meals.", "case_count": "", "each_count": "1 Item", "case_weight": "", "each_weight": "40 lbs", "case_dimensions": "", "each_dimensions": "L 1\" x W 1\" x H 1\"", "each_price": "108.52", "case_price": "", "price_per_lb": "$10.85/loaf", "brand": "Galbani Premio", "category": "Specialty Cheese", "product_url": "https://shop.kimelo.com/sku/cheese-mozzarella-wmlm-loaf-premio-85-lb/374196", "image_url": "https://d3tlizm80tjdt4.cloudfront.net/remote_images/image/8390/small/53b845e1fb7106fdd945620096b458f0828fadee1fe5d5d0e8.jpg", "sku": "374196", "priceOrder": 13, "popularityOrder": 73, "relateds": []}
{"title": "Cheese, Mozzarella, Frozen, Ovoline, Galbani, 2/3 Lb", "text": "The Galbani Ovoline Mozzarella cheese is an excellent choice for those seeking a high-quality, flavorful cheese. This frozen specialty cheese comes in a 2/3 Lb pack and costs $14.64. It's perfect for grating over pasta, melting in a panini, or simply slicing for a delicious appetizer.", "case_count": "", "each_count": "1 Item", "case_weight": "", "each_weight": "6 lbs", "case_dimensions": "", "each_dimensions": "L 1\" x W 1\" x H 1\"", "each_price": "14.64", "case_price": "", "price_per_lb": "$2.44/Lb", "brand": "Galbani", "category": "Specialty Cheese", "product_url": "https://shop.kimelo.com/sku/cheese-mozzarella-frozen-ovoline-galbani-23-lb/374567", "image_url": "https://d3tlizm80tjdt4.cloudfront.net/remote_images/image/10806/small/080a48a561d13a90309f06536874d86ca67cf124dc3961482d.jpg", "sku": "374567", "priceOrder": 89, "popularityOrder": 74, "relateds": []}
{"title": "Cheese, Feta, Greek, Sheep, 1/12 Kg 124849", "text": "Meet Kolios' Greek Sheep Feta Cheese, a specialty cheese that weighs 1/12 Kg. This is an authentic, Greek feta perfect for enhancing the flavors of your salads and savory pastries. With its tangy, rich flavor, it's sure to bring a little Mediterranean flair to your meals!", "case_count": "", "each_count": "1 Item", "case_weight": "", "each_weight": "15 lbs", "case_dimensions": "", "each_dimensions": "L 1\" x W 1\" x H 1\"", "each_price": "162.00", "case_price": "", "price_per_lb": 0, "brand": "Kolios", "category": "Specialty Cheese", "product_url": "https://shop.kimelo.com/sku/cheese-feta-greek-sheep-112-kg-124849/342870", "image_url": "https://d3tlizm80tjdt4.cloudfront.net/remote_images/image/13368/small/1407ffca973704e384634cd27285dbec2bccd8ea94f56171e1.jpg", "sku": "342870", "priceOrder": 3, "popularityOrder": 75, "relateds": []}
{"title": "Cheese, Muenster, Loaf (6) 5 Lbs,sku 172091", "text": "The Packer Muenster Cheese Loaf is a delicious specialty cheese option with a rich and creamy texture. At an affordable price of $6.58 per pound, this 5 Lb loaf is great for slicing and melting over burgers, sandwiches, or adding to a flavorful cheese platter. Its versatile flavor profile complements a variety of dishes, making it a must-have in your kitchen.", "case_count": "6 Eaches", "each_count": "1 Item", "case_weight": "30 lbs", "each_weight": "5 lbs", "case_dimensions": "L 1\" x W 1\" x H 1\"", "each_dimensions": "L 1\" x W 1\" x H 1\"", "each_price": "32.90", "case_price": "197.40", "price_per_lb": "$6.58/Lb", "brand": "Packer", "category": "Specialty Cheese", "product_url": "https://shop.kimelo.com/sku/cheese-muenster-loaf-6-5-lbssku-172091/172091", "image_url": "https://d3tlizm80tjdt4.cloudfront.net/remote_images/image/14165/small/0158d18ec81507169591cc645a9fff7c6f09c04889186230a6.jpg", "sku": "172091", "priceOrder": 62, "popularityOrder": 77, "relateds": []}
{"title": "Cheese, Pepperjack, Feather Shred, 4/5 Lb - 123794", "text": "The Cheswick Pepperjack Feather Shred is a spicy and flavorful cheese option that adds a zing to any meal. Priced at just $3.29 per pound, this shredded cheese is perfect for sprinkling on tacos, nachos, or even in a grilled cheese sandwich for a spicy twist. The 4/5 lb package ensures you'll have enough to experiment with various recipes.", "case_count": "", "each_count": "1 Item", "case_weight": "", "each_weight": "20 lbs", "case_dimensions": "", "each_dimensions": "L 1\" x W 1\" x H 1\"", "each_price": "65.72", "case_price": "", "price_per_lb": "$3.29/lb", "brand": "Cheswick", "category": "Shredded Cheese", "product_url": "https://shop.kimelo.com/sku/cheese-pepperjack-feather-shred-45-lb-123794/123794", "image_url": "https://d3tlizm80tjdt4.cloudfront.net/image/17990/image/sm-83f15352ef57aee10ecf9f5eacd4c835.png", "sku": "123794", "priceOrder": 35, "popularityOrder": 78, "relateds": ["103672", "108930"]}
{"title": "Cheese, Pecorino, Romano, 14 Lb 124109", "text": "The Zerto Pecorino Romano is a delicious 14 lb block of cheese, offering robust and salty flavors. Priced at only $5.09 per pound, it's a great choice for those looking to add a punch of flavor to their dishes. This cheese is perfect for grating over pasta dishes, incorporating into sauces, or simply enjoying on a cheese platter.", "case_count": "", "each_count": "1 Item", "case_weight": "", "each_weight": "14 lbs", "case_dimensions": "", "each_dimensions": "L 1\" x W 1\" x H 1\"", "each_price": "71.25", "case_price": "", "price_per_lb": "$5.09/lb", "brand": "Zerto", "category": "Sliced Cheese", "product_url": "https://shop.kimelo.com/sku/cheese-pecorino-romano-14-lb-124109/124109", "image_url": "https://d3tlizm80tjdt4.cloudfront.net/remote_images/image/7585/small/6fdb15f3fb9a8218f44f4394daed962b794d29364f31ec757a.jpg", "sku": "124109", "priceOrder": 31, "popularityOrder": 92, "relateds": []}
{"title": "Cheese, Stringles String Mozzarella, Organic 24/1 Oz Ct , 10278 - Sku 172034", "text": "You'll love the Stringles String Mozzarella by Organic Valley, a delicious and organic specialty cheese choice. At only $0.86 per unit, this cheese is perfect for packing in lunches, snacking on the go, or even sprinkling over your favorite pasta dishes. Enjoy the convenience and great taste of this top-notch product!", "case_count": "", "each_count": "1 Item", "case_weight": "", "each_weight": "1.5 lbs", "case_dimensions": "", "each_dimensions": "L 1\" x W 1\" x H 1\"", "each_price": "20.65", "case_price": "", "price_per_lb": "$0.86/ct", "brand": "Organic Valley", "category": "Specialty Cheese", "product_url": "https://shop.kimelo.com/sku/cheese-stringles-string-mozzarella-organic-241-oz-ct-10278-sku-172034/172034", "image_url": "https://d3tlizm80tjdt4.cloudfront.net/remote_images/image/14108/small/d36c33635977c041d652f1f7a3af8c01abffa2f2456ec7c315.jpg", "sku": "172034", "priceOrder": 74, "popularityOrder": 95, "relateds": []}
{"title": "Cheese, Cheddar, Sharp White, 100/0.75 Oz Oz Tillamook 613897, Sku 172111", "text": "The Tillamook Sharp White Cheddar is a premium sliced cheese that boasts a rich, full-bodied flavor. Priced at $0.50 per slice, it's a fantastic choice for enhancing sandwiches, burgers, or even for melting into a gourmet mac and cheese. With its robust and tangy taste, it's sure to elevate any dish it's added to.", "case_count": "", "each_count": "1 Item", "case_weight": "", "each_weight": "4.69 lbs", "case_dimensions": "", "each_dimensions": "L 1\" x W 1\" x H 1\"", "each_price": "49.80", "case_price": "", "price_per_lb": "$0.50/ct", "brand": "Tillamook", "category": "Sliced Cheese", "product_url": "https://shop.kimelo.com/sku/cheese-cheddar-sharp-white-100075-oz-oz-tillamook-613897-sku-172111/172111", "image_url": "https://d3tlizm80tjdt4.cloudfront.net/remote_images/image/14324/small/5211137065f5e986902c6a62fa4eb3f764ed76d03efbf7a3b2.jpg", "sku": "172111", "priceOrder": 43, "popularityOrder": 96, "relateds": []}
{"title": "Cheese, Mini, Babybel (red Wrap) 72/0.75 Oz, Sku 172119", "text": "The Laughing Cow's Mini Babybel Cheese wrapped in red is a delicious and versatile specialty cheese that comes in a pack of 72 for $51.29. These 0.75 oz individual servings are perfect for on-the-go snacking, adding to lunch boxes, or even creating fun and unique appetizers for your next gathering.", "case_count": "", "each_count": "1 Item", "case_weight": "", "each_weight": "4 lbs", "case_dimensions": "", "each_dimensions": "L 1\" x W 1\" x H 1\"", "each_price": "51.29", "case_price": "", "price_per_lb": "$0.71/ct", "brand": "Laughing Cow", "category": "Specialty Cheese", "product_url": "https://shop.kimelo.com/sku/cheese-mini-babybel-red-wrap-72075-oz-sku-172119/172119", "image_url": "https://d3tlizm80tjdt4.cloudfront.net/remote_images/image/15042/small/4752a482739aa892814722431a3b0e1a4930af59437ce4920d.jpg", "sku": "172119", "priceOrder": 41, "popularityOrder": 97, "relateds": []}
{"title": "Cottage Cheese, Classic, Organic 12/5 Oz, 84778, Sku 172052", "text": "Good Culture's Classic Organic Cottage Cheese is a delicious and healthy option for cheese lovers. Its price is $39.93 for a pack of twelve 5-ounce containers, making it a budget-friendly choice. This versatile cheese is perfect to enjoy on its own, or you can include it in salads, dips, or baking for a protein-rich addition to your meals.", "case_count": "", "each_count": "1 Item", "case_weight": "", "each_weight": "3.75 lbs", "case_dimensions": "", "each_dimensions": "L 1\" x W 1\" x H 1\"", "each_price": "39.93", "case_price": "", "price_per_lb": "$3.33/ct", "brand": "Good Culture", "category": "Cottage Cheese", "product_url": "https://shop.kimelo.com/sku/cottage-cheese-classic-organic-125-oz-84778-sku-172052/172052", "image_url": "https://d3tlizm80tjdt4.cloudfront.net/remote_images/image/14127/small/8d497ba0b199b319f4f58febfebec4619b58c4763daff721fd.jpg", "sku": "172052", "priceOrder": 54, "popularityOrder": 98, "relateds": []}
{"title": "Cheese, Parmesan, Shredded, (6) 5 Lb - 124603", "text": "Galbani's Parmesan Shredded Cheese comes in a convenient 5 lb pack, perfect for cheese lovers. At just $5.38 per pound, this high-quality cheese is a delicious addition to your favorite pasta dishes, salads, and even baked goods. Try sprinkling some on your next homemade pizza for an authentic Italian touch!", "case_count": "6 Eaches", "each_count": "1 Item", "case_weight": "5 lbs", "each_weight": "0.833333 lbs", "case_dimensions": "L 1\" x W 1\" x H 1\"", "each_dimensions": "L 1\" x W 1\" x H 1\"", "each_price": "26.88", "case_price": "161.28", "price_per_lb": "$5.38/lb", "brand": "Galbani", "category": "Shredded Cheese", "product_url": "https://shop.kimelo.com/sku/cheese-parmesan-shredded-6-5-lb-124603/124603", "image_url": "https://d3tlizm80tjdt4.cloudfront.net/remote_images/image/2650/small/8ccc10b43c0da13a2feaa26d6af00080d864418c35ce1b4439.jpg", "sku": "124603", "priceOrder": 68, "popularityOrder": 4, "relateds": ["106816", "111522", "112306", "106816", "111522", "112306", "106816", "111522"]}
{"title": "Cheese, Mozzarella, Fresh, Loaf, Sliced, 6/1 Lb - 123535", "text": "The Galbani Fresh Mozzarella Loaf is an excellent choice for all your cheese needs. At $6.45 per pound, this versatile cheese comes conveniently pre-sliced, making it perfect for sandwiches or melting on top of your favorite dishes. With its mild and creamy flavor, it's a great go-to cheese for many recipes.", "case_count": "", "each_count": "1 Item", "case_weight": "", "each_weight": "6 lbs", "case_dimensions": "", "each_dimensions": "L 1\" x W 1\" x H 1\"", "each_price": "38.68", "case_price": "", "price_per_lb": "$6.45/lb", "brand": "Galbani", "category": "Cheese Loaf", "product_url": "https://shop.kimelo.com/sku/cheese-mozzarella-fresh-loaf-sliced-61-lb-123535/123535", "image_url": "https://d3tlizm80tjdt4.cloudfront.net/remote_images/image/1088/small/e9d4570a644a2ae0665f696c669bff43b9d6ccd681d0ebc349.jpg", "sku": "123535", "priceOrder": 55, "popularityOrder": 24, "relateds": ["123382", "112545"]}
{"title": "Cheese, Queso Fresco, Casero, Bulk 12 Lbs - 112596", "text": "The El Mexicano Queso Fresco Casero is a delightful specialty cheese, perfect for adding a creamy, fresh flavor to your dishes. Available in a bulk 12 lbs pack for only $4.12 per lb, it's a great value. This cheese is particularly great for sprinkling over tacos, enchiladas, or any other Mexican dish that needs a touch of tangy richness.", "case_count": "", "each_count": "1 Item", "case_weight": "", "each_weight": "12 lbs", "case_dimensions": "", "each_dimensions": "L 1\" x W 1\" x H 1\"", "each_price": "49.39", "case_price": "", "price_per_lb": "$4.12/lb", "brand": "El Mexicano", "category": "Specialty Cheese", "product_url": "https://shop.kimelo.com/sku/cheese-queso-fresco-casero-bulk-12-lbs-112596/112596", "image_url": "https://d3tlizm80tjdt4.cloudfront.net/image/13392/image/sm-a1beb72594462199dfe813034c8f0f08.png", "sku": "112596", "priceOrder": 44, "popularityOrder": 31, "relateds": []}
{"title": "Cheese, Mozzarella, Wmlm, Premio, Tigrato Shred, 6/5lb 125732", "text": "The Galbani Premio Tigrato Shred Mozzarella is a high-quality specialty cheese that comes in a convenient 5lb pack. Priced at just $3.48 per pound, this cheese is perfect for adding a creamy, delicious touch to your homemade pizzas or lasagnas. Try it today to elevate your favorite Italian dishes!", "case_count": "", "each_count": "1 Item", "case_weight": "", "each_weight": "30 lbs", "case_dimensions": "", "each_dimensions": "L 1\" x W 1\" x H 1\"", "each_price": "104.33", "case_price": "", "price_per_lb": "$3.48/lb", "brand": "Galbani Premio", "category": "Specialty Cheese", "product_url": "https://shop.kimelo.com/sku/cheese-mozzarella-wmlm-premio-tigrato-shred-65lb-125732/125732", "image_url": "https://d3tlizm80tjdt4.cloudfront.net/remote_images/image/7219/small/6c77b279a5ed42add9439bbdfc694637d60aaae4f2f0ec56d7.jpg", "sku": "125732", "priceOrder": 15, "popularityOrder": 32, "relateds": []}
{"title": "Cheese, Provolone, No Smoke, Professionale, (8) 5 Lb - 123792", "text": "Galbani's Professionale Provolone Cheese is a versatile, no-smoke variety that comes in an 8-pack of 5 lb loaves. This cheese is perfect for slicing and melting on your favorite sandwiches or for adding a savory touch to your homemade pizzas. At just $2.88 per lb, it's a cost-effective way to add rich, Italian flavors to your meals.", "case_count": "8 Eaches", "each_count": "1 Item", "case_weight": "5 lbs", "each_weight": "0.625 lbs", "case_dimensions": "L 1\" x W 1\" x H 1\"", "each_dimensions": "L 1\" x W 1\" x H 1\"", "each_price": "14.40", "case_price": "115.20", "price_per_lb": "$2.88/lb", "brand": "Galbani", "category": "Cheese Loaf", "product_url": "https://shop.kimelo.com/sku/cheese-provolone-no-smoke-professionale-8-5-lb-123792/123792", "image_url": "https://d3tlizm80tjdt4.cloudfront.net/image/17989/image/sm-9e1c062d6e753907a3748fcfa2471be0.jpg", "sku": "123792", "priceOrder": 90, "popularityOrder": 33, "relateds": []}
{"title": "Cheese, Feta, In Brine, Pail, 28 Lb - 123928", "text": "The Cucina Feta Cheese in Brine is a high-quality specialty cheese that comes in a generous 28 Lb pail. With its tangy and salty flavor, it's perfect for dishes such as Greek salads, pizza toppings, and pasta dishes. At just $6.05 per pound, it's a great option for those who want to add a Mediterranean touch to their meals.", "case_count": "", "each_count": "1 Item", "case_weight": "", "each_weight": "28 lbs", "case_dimensions": "", "each_dimensions": "L 1\" x W 1\" x H 1\"", "each_price": "145.11", "case_price": "", "price_per_lb": "$6.05/lb", "brand": "Cucina", "category": "Specialty Cheese", "product_url": "https://shop.kimelo.com/sku/cheese-feta-in-brine-pail-28-lb-123928/123928", "image_url": "https://d3tlizm80tjdt4.cloudfront.net/image/18031/image/sm-4300f3a70bfa2261c03c2ddc7f7fa85b.jpg", "sku": "123928", "priceOrder": 5, "popularityOrder": 39, "relateds": ["123797", "124284"]}
{"title": "Cheese, Brie, 60%, 2/2 Lb - 123527", "text": "Meet the President Brie Cheese, a delightful specialty cheese that is rich and creamy, perfect for any cheese lover. It comes in a 2/2 Lb pack which costs $29.10, making it a cost-effective choice at $7.28 per pound. This cheese is ideal for baking in a puff pastry for an appetizing starter or spreading on crackers for a simple yet delicious snack.", "case_count": "", "each_count": "1 Item", "case_weight": "", "each_weight": "4 lbs", "case_dimensions": "", "each_dimensions": "L 1\" x W 1\" x H 1\"", "each_price": "29.10", "case_price": "", "price_per_lb": "$7.28/lb", "brand": "President", "category": "Specialty Cheese", "product_url": "https://shop.kimelo.com/sku/cheese-brie-60-22-lb-123527/123527", "image_url": "https://d3tlizm80tjdt4.cloudfront.net/remote_images/image/1073/small/b1d9e1f95c8820a32503eaeb15b2209c65268ad5e29a3f395c.jpg", "sku": "123527", "priceOrder": 67, "popularityOrder": 49, "relateds": []}
{"title": "Cheese, Mozzarella, Fresh, Ciliegine Ball, (2) 3 Lb 103593", "text": "The Galbani Fresh Ciliegine Ball Mozzarella Cheese is a delightful specialty cheese, perfect for enhancing your meals. Coming in a 2 pack of 3lb balls, this cheese is priced at just $5.81/lb. Try adding it to your homemade pizzas, salads, or pasta dishes for a delicious, creamy taste.", "case_count": "2 Eaches", "each_count": "1 Item", "case_weight": "3 lbs", "each_weight": "1.5 lbs", "case_dimensions": "L 1\" x W 1\" x H 1\"", "each_dimensions": "L 1\" x W 1\" x H 1\"", "each_price": "17.44", "case_price": "34.88", "price_per_lb": "$5.81/lb", "brand": "Galbani", "category": "Specialty Cheese", "product_url": "https://shop.kimelo.com/sku/cheese-mozzarella-fresh-ciliegine-ball-2-3-lb-103593/103593", "image_url": "https://d3tlizm80tjdt4.cloudfront.net/image/2896/image/sm-dd03d82250538609a7f34030a50e240b.jpg", "sku": "103593", "priceOrder": 80, "popularityOrder": 53, "relateds": ["123382"]}
{"title": "Cheese, Grilling, Domestic, Yanni, 12/8 Oz 124017", "text": "The Yanni Grilling Cheese is a delicious domestic cheese that offers a unique, savory flavor. Packaged in convenient 8 oz slices, this cheese is perfect for grilling up for a tasty addition to your summer BBQ or melting over your favorite dishes. At just $8.07 per lb, it's a great way to spice up your meals without breaking the bank.", "case_count": "", "each_count": "1 Item", "case_weight": "", "each_weight": "6 lbs", "case_dimensions": "", "each_dimensions": "L 1\" x W 1\" x H 1\"", "each_price": "48.44", "case_price": "", "price_per_lb": "$8.07/lb", "brand": "Yanni", "category": "Sliced Cheese", "product_url": "https://shop.kimelo.com/sku/cheese-grilling-domestic-yanni-128-oz-124017/124017", "image_url": "https://d3tlizm80tjdt4.cloudfront.net/remote_images/image/1898/small/d052d2826fa65f597dbb4441da172a9957dee2a899142d1940.jpg", "sku": "124017", "priceOrder": 46, "popularityOrder": 56, "relateds": []}
{"title": "Cheese, Myzithra, Ball, Imported", "text": "Stymfalia's Imported Myzithra Ball Cheese is a great option for lovers of Greek cuisine. Known for its tangy, salty flavor, this cheese is perfect for grating over pasta dishes or incorporating into baking recipes. At $5.07 per pound, it's a budget-friendly way to add a touch of Mediterranean flair to your meals!", "case_count": "", "each_count": "1 Item", "case_weight": "", "each_weight": "17 lbs", "case_dimensions": "", "each_dimensions": "L 13.5\" x W 9.25\" x H 8.25\"", "each_price": "79.05", "case_price": "", "price_per_lb": "$5.07/lb", "brand": "Stymfalia", "category": "Sliced Cheese", "product_url": "https://shop.kimelo.com/sku/cheese-myzithra-ball-imported/124640", "image_url": "https://d3tlizm80tjdt4.cloudfront.net/remote_images/image/2633/small/a61a9af8858203a8085b3cd5314e44f2375da6387dd3b0ab73.jpg", "sku": "124640", "priceOrder": 27, "popularityOrder": 61, "relateds": ["108978"]}
{"title": "Cheese, Queso Fresco, Casero, Frozen, Bulk 12 Lbs374274", "text": "El Mexicano's Queso Fresco Casero is a bulk, frozen cheese available in a hefty 12-pound batch for just $1.77 per pound. This fresh, mild cheese is perfect for sprinkling over traditional Mexican dishes like enchiladas and tacos to add a creamy touch.", "case_count": "", "each_count": "1 Item", "case_weight": "", "each_weight": "12 lbs", "case_dimensions": "", "each_dimensions": "L 1\" x W 1\" x H 1\"", "each_price": "21.19", "case_price": "", "price_per_lb": "$1.77/Lb", "brand": "El Mexicano", "category": "Specialty Cheese", "product_url": "https://shop.kimelo.com/sku/cheese-queso-fresco-casero-frozen-bulk-12-lbs374274/374274", "image_url": "https://d3tlizm80tjdt4.cloudfront.net/remote_images/image/8643/small/66078553f3b39103164ffde635b3f3f92e35c6e0786f8709da.jpg", "sku": "374274", "priceOrder": 73, "popularityOrder": 70, "relateds": []}
{"title": "Cheese, Kasseri, Waxed Wheel", "text": "The Stella Kasseri Waxed Wheel cheese is a unique, flavorful choice for cheese lovers. At $8.68 per pound, this sliced cheese is versatile and can be used in various dishes such as pizzas, sandwiches, or even for melting over your favorite casserole. Try out this treat from Stella, and add a twist to your meals.", "case_count": "", "each_count": "1 Item", "case_weight": "", "each_weight": "10 lbs", "case_dimensions": "", "each_dimensions": "L 1\" x W 1\" x H 1\"", "each_price": "86.80", "case_price": "", "price_per_lb": "$8.68/lb", "brand": "Stella", "category": "Sliced Cheese", "product_url": "https://shop.kimelo.com/sku/cheese-kasseri-waxed-wheel/123993", "image_url": "https://d3tlizm80tjdt4.cloudfront.net/remote_images/image/2037/small/93701c5bb1e6a23ddfdd86fb5e4e8868e9496d4ff700d601e0.jpg", "sku": "123993", "priceOrder": 24, "popularityOrder": 71, "relateds": []}
{"title": "Cheese, Smoked Cheddar, Mild, 2/5 Lb", "text": "The Gossner Smoked Cheddar is a mild and flavorful cheese option available in 2/5 Lb slices. At only $0.32 per pound, it's an affordable addition to your cheese selection. This cheese is great for elevating your sandwiches, burgers, or even as a tasty snack on a cheese board.", "case_count": "", "each_count": "1 Item", "case_weight": "", "each_weight": "10 lbs", "case_dimensions": "", "each_dimensions": "L 1\" x W 1\" x H 1\"", "each_price": "3.21", "case_price": "", "price_per_lb": "$0.32/Lb", "brand": "Gossner", "category": "Sliced Cheese", "product_url": "https://shop.kimelo.com/sku/cheese-smoked-cheddar-mild-25-lb/374591", "image_url": "https://d3tlizm80tjdt4.cloudfront.net/remote_images/image/13375/small/2ee6dfdf5b22cc7c7a84d4a5acf73506e8fcb5effe8cea044c.jpg", "sku": "374591", "priceOrder": 98, "popularityOrder": 76, "relateds": []}
{"title": "CHEESE, MOZZARELLA, SMOKED, 2/6 LB", "text": "The POLLY-O Smoked Mozzarella cheese is a unique and flavorful cheese from the Specialty Cheese department. It's a versatile cheese that's perfect for adding a smoky twist to your pizzas, salads, or sandwiches. At 43.56 for a 2/6 LB package, it offers great value for the quality and quantity you get.", "case_count": "2 Eaches", "each_count": "1 Item", "case_weight": "11.73 lbs", "each_weight": "6 lbs", "case_dimensions": "L 8.57\" x W 4.45\" x H 13.89\"", "each_dimensions": "L 4.29\" x W 4.45\" x H 13.89\"", "each_price": "43.56", "case_price": "85.15", "price_per_lb": 0, "brand": "POLLY-O", "category": "Specialty Cheese", "product_url": "https://shop.kimelo.com/sku/cheese-mozzarella-smoked-26-lb/103565", "image_url": "https://d3tlizm80tjdt4.cloudfront.net/image/2351/image/sm-8f112e2ad6cf67b95091b3a5cffad334.png", "sku": "103565", "priceOrder": 51, "popularityOrder": 79, "relateds": []}
{"title": "Cheese, Swiss, Block", "text": "The Ammerlander Swiss Block Cheese is a versatile and delicious choice for any cheese lover. Priced at a reasonable $3.30 per pound, this cheese is great for slicing and serving on sandwiches or crackers. It also melts beautifully, making it perfect for fondue or grilled cheese.", "case_count": "", "each_count": "1 Item", "case_weight": "", "each_weight": "33 lbs", "case_dimensions": "", "each_dimensions": "L 19.5\" x W 11.7\" x H 3.9\"", "each_price": "108.90", "case_price": "", "price_per_lb": "$3.30/lb", "brand": "Ammerlander", "category": "Sliced Cheese", "product_url": "https://shop.kimelo.com/sku/cheese-swiss-block/126018", "image_url": "https://d3tlizm80tjdt4.cloudfront.net/remote_images/image/7811/small/6cc605766939ddd78229cbfac6a2103b6982de8f053c875d63.jpg", "sku": "126018", "priceOrder": 12, "popularityOrder": 80, "relateds": []}
{"title": "Cheese, 5 Blend, Moz Wmlm/lmps/prov/parm/roma, Fzn, 6/5 Lb", "text": "The Galbani 5 Blend Cheese is a delicious mix of Mozzarella, Walm, Lmps, Provolone, Parmesan, and Romano, all conveniently pre-shredded for you in a frozen 6/5 lb pack. At $80.07, it's a versatile cheese blend that would make an excellent topping for any pizza or pasta dish, or even melted into a fabulous fondue.", "case_count": "", "each_count": "1 Item", "case_weight": "", "each_weight": "30 lbs", "case_dimensions": "", "each_dimensions": "L 1\" x W 1\" x H 1\"", "each_price": "80.07", "case_price": "", "price_per_lb": 0, "brand": "Galbani", "category": "Shredded Cheese", "product_url": "https://shop.kimelo.com/sku/cheese-5-blend-moz-wmlmlmpsprovparmroma-fzn-65-lb/374160", "image_url": "https://d3tlizm80tjdt4.cloudfront.net/remote_images/image/8017/small/5b67c48b8fb317538fe7a3777c8aa936e15d7ed4f7f4c2062d.jpg", "sku": "374160", "priceOrder": 26, "popularityOrder": 81, "relateds": []}
{"title": "Cottage Cheese, Small Curd", "text": "The Clover Sonoma Small Curd Cottage Cheese is a delicious and healthy option for cheese lovers. It's reasonably priced at $3.33 per pound and is a great source of protein. This cheese is versatile and can be enjoyed on its own, in salads, or as a side with your favorite dishes.", "case_count": "", "each_count": "1 Item", "case_weight": "", "each_weight": "12 lbs", "case_dimensions": "", "each_dimensions": "L 1\" x W 1\" x H 1\"", "each_price": "39.93", "case_price": "", "price_per_lb": "$3.33/Lb", "brand": "Clover Sonoma", "category": "Cottage Cheese", "product_url": "https://shop.kimelo.com/sku/cottage-cheese-small-curd/316282", "image_url": "https://d3tlizm80tjdt4.cloudfront.net/remote_images/image/8670/small/14def803c1c34fe56ec8c8333ba02a43ed6690f593186e7f98.jpg", "sku": "316282", "priceOrder": 53, "popularityOrder": 82, "relateds": []}
{"title": "Cheese, Mozzarella, Pslm, Loaf, Premio, Fzn, 8/5 Lb 125813", "text": "The Galbani Premio Mozzarella Cheese Loaf is a premium, frozen cheese product priced at an affordable $1.26 per pound. This delicious mozzarella is perfect for slicing and melting on pizzas, grating into pasta dishes, or even enjoying cold in a fresh caprese salad.", "case_count": "", "each_count": "1 Item", "case_weight": "", "each_weight": "40 lbs", "case_dimensions": "", "each_dimensions": "L 1\" x W 1\" x H 1\"", "each_price": "50.22", "case_price": "", "price_per_lb": "$1.26/lb", "brand": "Galbani Premio", "category": "Cheese Loaf", "product_url": "https://shop.kimelo.com/sku/cheese-mozzarella-pslm-loaf-premio-fzn-85-lb-125813/125813", "image_url": "https://d3tlizm80tjdt4.cloudfront.net/remote_images/image/7216/small/71b5ddd3c64d4bbaa1fe5e7090917a824d29a331ea6e1ee5d4.jpg", "sku": "125813", "priceOrder": 42, "popularityOrder": 83, "relateds": []}
{"title": "Cheese, Goat, Crumbled, Fzn, 2/2 Lb 125885", "text": "The President Goat Cheese is a specialty cheese that comes crumbled and frozen in a 2/2lb package. It's creamy and tangy flavor profile makes it perfect for sprinkling over salads, pastas, or even including it in your baking recipes. At $8.60 per pound, it's a delicious addition to elevate your meals.", "case_count": "", "each_count": "1 Item", "case_weight": "", "each_weight": "4 lbs", "case_dimensions": "", "each_dimensions": "L 1\" x W 1\" x H 1\"", "each_price": "34.41", "case_price": "", "price_per_lb": "$8.60/lb", "brand": "President", "category": "Specialty Cheese", "product_url": "https://shop.kimelo.com/sku/cheese-goat-crumbled-fzn-22-lb-125885/125885", "image_url": "https://d3tlizm80tjdt4.cloudfront.net/remote_images/image/7510/small/677b2a41544b3dfe7f0897e9390fcccfad1cbaae841b2ceb87.jpg", "sku": "125885", "priceOrder": 59, "popularityOrder": 84, "relateds": []}
{"title": "Cheese, Mozzarella, Wmlm, Premio, Tigrato Shred, Fzn, 6/5lb 125867", "text": "The Packer Cheese, Mozzarella, Wmlm, Premio, Tigrato Shred, Fzn, 6/5lb 125867, is a high-quality specialty cheese perfect for all your cooking needs. With its delightful flavor and superb meltability, it's excellent for topping pizzas, enriching pasta dishes, or even enhancing a classic grilled cheese sandwich. At just $3.54 per pound, it's a budget-friendly choice for cheese lovers too.", "case_count": "", "each_count": "1 Item", "case_weight": "", "each_weight": "30 lbs", "case_dimensions": "", "each_dimensions": "L 1\" x W 1\" x H 1\"", "each_price": "106.17", "case_price": "", "price_per_lb": "$3.54/lb", "brand": "Packer", "category": "Specialty Cheese", "product_url": "https://shop.kimelo.com/sku/cheese-mozzarella-wmlm-premio-tigrato-shred-fzn-65lb-125867/125867", "image_url": "https://d3tlizm80tjdt4.cloudfront.net/remote_images/image/7219/small/6c77b279a5ed42add9439bbdfc694637d60aaae4f2f0ec56d7.jpg", "sku": "125867", "priceOrder": 14, "popularityOrder": 85, "relateds": []}
{"title": "Cheese, Mozzarella, Wmlm, Shredded, Red Label, Fzn, 6/5 Lb 125663", "text": "The Galbani Mozzarella Cheese, available in 6/5 lb packs, is a shredded, frozen delight from the specialty cheese department. Its versatile, melty nature makes it a perfect topping for your homemade pizza or a gooey addition to your favorite pasta dishes. At $65.57, it's a great way to add a touch of Italian authenticity to your meals.", "case_count": "", "each_count": "1 Item", "case_weight": "", "each_weight": "30 lbs", "case_dimensions": "", "each_dimensions": "L 1\" x W 1\" x H 1\"", "each_price": "65.57", "case_price": "", "price_per_lb": 0, "brand": "Galbani", "category": "Specialty Cheese", "product_url": "https://shop.kimelo.com/sku/cheese-mozzarella-wmlm-shredded-red-label-fzn-65-lb-125663/125663", "image_url": "https://d3tlizm80tjdt4.cloudfront.net/remote_images/image/5529/small/042d7c08627c19fc643914fdd06ade7ade98df11a63c15f672.jpg", "sku": "125663", "priceOrder": 36, "popularityOrder": 86, "relateds": []}
{"title": "Cheese, Provolone, No Smoke, Professionale, Fzn, (8) 5 Lb 125816", "text": "The Galbani Provolone Professionale is a no-smoke cheese loaf weighing 5 pounds and sold in a pack of 8. This versatile cheese is priced at just $3.33 per pound, making it an affordable option for large gatherings. It's perfect for slicing and serving in sandwiches, melting over pasta dishes, or shredding on top of homemade pizzas.", "case_count": "8 Eaches", "each_count": "1 Item", "case_weight": "5 lbs", "each_weight": "0.625 lbs", "case_dimensions": "L 1\" x W 1\" x H 1\"", "each_dimensions": "L 1\" x W 1\" x H 1\"", "each_price": "16.63", "case_price": "133.04", "price_per_lb": "$3.33/lb", "brand": "Galbani", "category": "Cheese Loaf", "product_url": "https://shop.kimelo.com/sku/cheese-provolone-no-smoke-professionale-fzn-8-5-lb-125816/125816", "image_url": "https://d3tlizm80tjdt4.cloudfront.net/remote_images/image/7413/small/e7ae16a6c8dcf1eef4a92b9f6335615d4fb06ed12485f45e86.jpg", "sku": "125816", "priceOrder": 84, "popularityOrder": 87, "relateds": []}
{"title": "Cheese, Blend, Mozz, Wm & Ps, Premio Shred, Fzn, 6/5 Lb 125856", "text": "Meet the Galbani Premio Shred cheese blend, a delightful mix of mozzarella, white mild, and Pepper Jack cheese. At just $1.62 per pound, this specialty cheese is perfect for adding a creamy, flavorful kick to your homemade pizzas or pasta dishes. Don't forget, it's frozen for freshness and comes in a convenient 6/5 lb pack!", "case_count": "", "each_count": "1 Item", "case_weight": "", "each_weight": "30 lbs", "case_dimensions": "", "each_dimensions": "L 1\" x W 1\" x H 1\"", "each_price": "48.61", "case_price": "", "price_per_lb": "$1.62/lb", "brand": "Galbani Premio", "category": "Specialty Cheese", "product_url": "https://shop.kimelo.com/sku/cheese-blend-mozz-wm-ps-premio-shred-fzn-65-lb-125856/125856", "image_url": "https://d3tlizm80tjdt4.cloudfront.net/remote_images/image/7459/small/8d2ee5b0efabab48d9ab265bcbc2e0e8f2e2d463f70a584707.jpg", "sku": "125856", "priceOrder": 45, "popularityOrder": 88, "relateds": []}
{"title": "Cheese, Mozzarella, Wmlm, Loaf, Professionale, Fzn, 8/5 Lb 125814", "text": "Meet the Galbani Mozzarella Cheese Loaf, a professional-grade frozen cheese perfect for culinary exploration. Priced at an affordable $1.12 per pound, this cheese is ideal for adding a creamy, melty touch to your homemade pizzas, lasagnas, or paninis. Trust Galbani to deliver high-quality flavor in every dish!", "case_count": "", "each_count": "1 Item", "case_weight": "", "each_weight": "40 lbs", "case_dimensions": "", "each_dimensions": "L 1\" x W 1\" x H 1\"", "each_price": "44.63", "case_price": "", "price_per_lb": "$1.12/lb", "brand": "Galbani", "category": "Cheese Loaf", "product_url": "https://shop.kimelo.com/sku/cheese-mozzarella-wmlm-loaf-professionale-fzn-85-lb-125814/125814", "image_url": "https://d3tlizm80tjdt4.cloudfront.net/remote_images/image/7215/small/0a7da17fd94fe5c52868137e402c2fb20947dba2f4b452a049.jpg", "sku": "125814", "priceOrder": 49, "popularityOrder": 89, "relateds": []}
{"title": "Cheese, Brie, 60%, Frozen, 2/2 Lb 125998", "text": "This President Brie Cheese is a delightful choice for cheese enthusiasts, expertly crafted and frozen for freshness. This creamy, 60% fat cheese sells for just $4.58/lb - a real steal! Its buttery flavor and soft texture make it perfect for melting on a gourmet grilled cheese or serving at room temperature on a cheese platter.", "case_count": "", "each_count": "1 Item", "case_weight": "", "each_weight": "4 lbs", "case_dimensions": "", "each_dimensions": "L 1\" x W 1\" x H 1\"", "each_price": "18.33", "case_price": "", "price_per_lb": "$4.58/lb", "brand": "President", "category": "Specialty Cheese", "product_url": "https://shop.kimelo.com/sku/cheese-brie-60-frozen-22-lb-125998/125998", "image_url": "https://d3tlizm80tjdt4.cloudfront.net/remote_images/image/7738/small/5b41b3664d4c670debf38cd6901d14461ebc988399e19127ae.jpg", "sku": "125998", "priceOrder": 78, "popularityOrder": 90, "relateds": []}
{"title": "Cheese, Mozzarella, Loaf, Thin Slice, Fzn, 6/1 Lb 125686", "text": "The Galbani Mozzarella Cheese Loaf is a fantastic choice for those who love a good thin slice of cheese. It comes frozen in a convenient 6/1 Lb pack, perfect for preserving freshness. This cheese is excellent for making homemade pizzas, sandwiches, or simply adding a delicious touch to your salads.", "case_count": "", "each_count": "1 Item", "case_weight": "", "each_weight": "6 lbs", "case_dimensions": "", "each_dimensions": "L 1\" x W 1\" x H 1\"", "each_price": "7.95", "case_price": "", "price_per_lb": 0, "brand": "Galbani", "category": "Cheese Loaf", "product_url": "https://shop.kimelo.com/sku/cheese-mozzarella-loaf-thin-slice-fzn-61-lb-125686/125686", "image_url": "https://d3tlizm80tjdt4.cloudfront.net/remote_images/image/5949/small/d23620a3a0f21afb9281850456bf3598285654e87ef638e32e.jpg", "sku": "125686", "priceOrder": 93, "popularityOrder": 91, "relateds": []}
{"title": "Cheese, Mozzarella, Wmlm, Cali Gold, Loaf, Fzn, 8/6 Lb 112065", "text": "The California Gold Mozzarella Cheese Loaf is a high-quality, frozen cheese product that offers great value at just $1.00 per pound. With its smooth, creamy texture and mild flavor, it's perfect for melting onto pizza, stirring into pasta dishes, or even slicing for sandwiches. Enjoy the golden taste of California in every bite!", "case_count": "", "each_count": "1 Item", "case_weight": "", "each_weight": "47 lbs", "case_dimensions": "", "each_dimensions": "L 1\" x W 1\" x H 1\"", "each_price": "48.09", "case_price": "", "price_per_lb": "$1.00/lb", "brand": "California Gold", "category": "Cheese Loaf", "product_url": "https://shop.kimelo.com/sku/cheese-mozzarella-wmlm-cali-gold-loaf-fzn-86-lb-112065/112065", "image_url": "https://d3tlizm80tjdt4.cloudfront.net/remote_images/image/7214/small/e9ab65ec35fd13418c56e43a697f0cd6f2464279cf92c5e10b.jpg", "sku": "112065", "priceOrder": 47, "popularityOrder": 93, "relateds": []}
{"title": "Cheese, Mozzarella, Pslm, Cali Gold, Loaf, Fzn, 8/6 Lb 112075", "text": "The California Gold Mozzarella Cheese Loaf is a fantastic choice for those who love a creamy, mild cheese. At just $2.59 per pound, this cheese is not only delicious but also quite affordable. It melts beautifully, making it perfect for pizzas, lasagnas, or any dish that requires a generous amount of cheese.", "case_count": "", "each_count": "1 Item", "case_weight": "", "each_weight": "48 lbs", "case_dimensions": "", "each_dimensions": "L 1\" x W 1\" x H 1\"", "each_price": "124.51", "case_price": "", "price_per_lb": "$2.59/lb", "brand": "California Gold", "category": "Cheese Loaf", "product_url": "https://shop.kimelo.com/sku/cheese-mozzarella-pslm-cali-gold-loaf-fzn-86-lb-112075/112075", "image_url": "https://d3tlizm80tjdt4.cloudfront.net/image/13863/image/sm-3e26ef88c6dc801ad4d041ef812a9c7d.png", "sku": "112075", "priceOrder": 8, "popularityOrder": 94, "relateds": []}
